2585 4020
409 249 495 317 18
1317 258 1608 313 PLAVTI
2202 256 2423 323 [Acrvs
2465 256 2516 311 Ι.

415 450 589 506 Men.
649 437 838 516 Perii,
885 436 952 503 in
995 435 1262 504 insidias
1303 434 1559 503 deueni.
1695 446 1844 501 Pon.
1906 433 2122 501 Immo
2160 434 2225 499 in
2273 432 2518 518 praesi-

398 616 405 622 .
730 554 933 621 dium.
1020 554 1126 620 Ne
1155 553 1334 619 time.
2416 564 2515 610 140

415 683 589 737 Men.
650 670 811 750 Quis
859 670 1165 736 homost?
1308 682 1458 735 Pon.
1521 668 1662 752 Ego
1713 692 1878 734 sum.
2024 680 2198 734 Men.
2259 666 2319 734 O
2367 669 2519 734 mea

732 786 1183 865 commoditaS,
1216 787 1255 852 6
1286 809 1433 852 mea
1462 784 1942 869 opportunitaS,

402 902 615 970 Salue.
750 914 899 969 Pon.
960 902 1171 968 Salue.
1314 910 1487 967 Men'.
1551 900 1724 980 Quid
1768 900 1949 983 agis?
2081 912 2231 966 Pon.
2291 898 2516 967 Teneo

730 1020 997 1086 dextera
1040 1017 1305 1101 genium
1347 1041 1586 1084 meum.

413 1150 586 1204 Men.
647 1138 802 1203 N6n
837 1135 1113 1221 potuisti
1147 1135 1355 1219 magis
1390 1159 1504 1220 per
1539 1144 1803 1219 tempus
1838 1135 1929 1201 mi
1964 1133 2272 1202 aduenire
2308 1159 2515 1220 quam

740 1253 1029 1320 aduenis,

410 1382 558 1437 Pon.
647 1352 756 1437 ita
784 1394 902 1453 ego
933 1369 1141 1436 soleo:
1198 1368 1689 1436 c6mmoditatis
1720 1366 1934 1434 6mnis
1964 1367 2273 1435 articulds
2303 1368 2464 1434 scio,

414 1499 587 1553 Men.
645 1487 777 1554 Vin
811 1496 890 1553 tu
924 1485 1177 1552 facinus
1212 1485 1620 1553 luculentum
1655 1484 2013 1569 inspicere?
2140 1495 2289 1550 Pon.
2351 1483 2520 1564 Quis

731 1602 798 1669 id
829 1603 1002 1669 coxit
1032 1604 1321 1686 coquos?
2423 1614 2520 1662 145

404 1719 549 1786 Iam
578 1718 800 1797 sciam,
833 1719 886 1785 si
915 1718 1073 1803 quid
1104 1717 1558 1797 titubatumst,
1591 1717 1703 1784 fibi
1733 1716 2036 1801 reliquias
2066 1716 2309 1783 uidero.

414 1848 586 1902 Men.
647 1837 776 1911 Dic
805 1835 916 1914 mi,
958 1859 1040 1901 en
1079 1857 1398 1919 umquam
1435 1837 1512 1902 tfi
1552 1833 1777 1900 uidisti
1816 1824 2120 1900 tabulam
2158 1833 2412 1917 pictam
2455 1833 2520 1900 in

731 1951 999 2037 pariete,
2238 1935 2242 1939 ¹

402 2045 531 2134 Vbi
556 2068 776 2152 aquila
803 2068 1254 2135 Catameitum
1280 2078 1558 2152 raperet,
1588 2069 1708 2134 aut
1734 2066 1848 2133 ubi
1872 2067 2094 2134 Venus
2119 2066 2517 2135 Ad6neum?

410 2196 559 2251 Pon.
608 2224 612 2228 <
647 2185 874 2269 Saepe.
961 2185 1088 2252 Sed
1135 2183 1297 2269 quid
1341 2184 1507 2251 istae
1532 2184 1848 2268 'picturae
1893 2184 1979 2250 ad
2024 2207 2129 2250 me
2174 2182 2517 2252 attinent?

743 2314 914 2368 Men.
975 2288 1113 2385 Age
1142 2325 1246 2368 me
1276 2300 1512 2385 aspice.
1860 2360 1865 2367 .

403 2398 658 2501 Ecquid
713 2417 1034 2484 adsimul6
1089 2416 1429 2484 similiter?
1574 2428 1724 2483 Pon.
1786 2416 1947 2497 Quis
2001 2415 2191 2483 istest
2242 2419 2521 2485 ornatus

731 2536 926 2600 tuos?
2423 2554 2521 2601 150

415 2661 588 2715 Men.
649 2650 778 2716 Dic
820 2649 1151 2716 hominem
1193 2649 1692 2733 lepidissumum
1733 2672 1872 2716 esse
1914 2649 2039 2716 me.
2176 2660 2325 2715 Pon.
2386 2647 2519 2717 Vbi

731 2767 934 2831 essuri
963 2768 1232 2832 sumus?
2025 2835 2028 2838 Α

414 2868 603 2948 Men(
650 2882 779 2948 Dic
823 2880 1021 2951 modo
1067 2880 1191 2948 hoc
1237 2880 1417 2965 quod
1463 2883 1581 2965 ego
1627 2891 1695 2948 te
1743 2880 1955 2949 iubeo,
2098 2893 2247 2948 Pon.
2308 2881 2519 2951 Dico:

731 2996 927 3063 homo
956 2996 1392 3081 lepidissume.

416 3127 587 3181 Men.
648 3095 906 3198 Ecquid
945 3113 1146 3180 audes
1171 3102 1266 3180 ¹de
1304 3123 1424 3179 tuo
1461 3113 1631 3180 istuc
1669 3113 1952 3180 addere?
2082 3125 2232 3179 Pon.
2293 3114 2517 3201 Atque

731 3229 1156 3297 hilarissume.

416 3358 588 3413 Men.
649 3346 870 3429 Perge.
993 3357 1142 3412 Pon.
1204 3346 1359 3412 Non
1389 3369 1586 3429 pergo
1615 3345 1828 3413 hercle
1857 3369 2033 3425 uero,
2066 3345 2190 3412 nisi
2219 3345 2353 3411 scio
2384 3323 2517 3434 qua

732 3461 962 3545 gratia.
1282 3545 1287 3548 ⁵

403 3559 714 3662 Litigium
735 3577 921 3645 tibist
943 3601 1092 3644 cum
1114 3601 1345 3644 uxore:
1399 3601 1474 3643 eo
1496 3577 1586 3643 mi
1609 3577 1726 3644 abs
1759 3587 1827 3650 te
1862 3601 2060 3657 cauco
2084 3577 2364 3654 cautius.
2434 3602 2527 3651 155

2271 3841 2277 3884 1
