2585 4020
436 255 524 325 72
1343 269 1634 323 PLAVTI
2165 271 2382 336 [Acwvs
2419 272 2505 325 111.

445 458 619 513 Men.
680 445 803 512 Per
857 447 1084 513 Iouem
1138 447 1425 530 deosque
1478 446 1689 513 omnis
1743 447 1994 526 adiuro,
2050 453 2231 528 uxor,
2259 483 2344 492 —
2367 448 2507 515 satin

761 563 885 629 hoc
913 565 1014 629 est
1043 562 1210 628 tibi?
1235 598 1321 605 —
2438 585 2507 631 655

335 746 342 752 ,
433 679 590 745 Non
634 678 906 745 dedisse.
1002 690 1150 745 Pon.
1212 679 1428 745 Immo
1474 678 1685 746 hercle
1732 703 1887 747 uero
1933 681 2072 759 n6s,
2123 704 2256 747 non
2301 680 2507 747 falsum

762 796 1005 862 dicere:

440 924 615 979 Men.
675 911 802 978 Sed
862 935 980 995 ego
1038 911 1214 978 illam
1271 935 1404 978 non
1460 912 1847 990 condonaui‚
1908 913 2018 979 sed
2077 913 2167 979 sic
2224 914 2508 980 utendam

760 1028 932 1095 dedi.

434 1157 600 1211 Mat.
671 1126 996 1228 Equidem
1024 1154 1277 1211 ecastor
1303 1146 1490 1211 tuam
1517 1167 1635 1211 nec
1662 1144 2073 1228 chlamydem
2099 1146 2186 1212 d6
2213 1144 2388 1212 foras
2419 1168 2509 1211 nec

760 1261 1031 1345 pallium

430 1377 802 1461 Quoiquam
844 1378 1184 1444 utendum.
1291 1376 1641 1444 Mulierem
1683 1387 2027 1460 aequomst
2068 1378 2507 1445 uestimentum

758 1493 1073 1560 muliebre

429 1591 826 1688 DareforaS,
855 1610 1066 1676 uirum
1095 1609 1297 1676 uirile.
1386 1610 1560 1689 Quin
1585 1609 1782 1676 refers
1808 1609 2047 1693 pallam
2073 1611 2393 1678 domum?
2432 1630 2508 1677 660

431 1739 604 1794 Men.
664 1709 806 1810 Ego
852 1726 1002 1793 faxo
1049 1725 1380 1793 referetur.
1490 1738 1653 1793 Mat.
1715 1727 1816 1791 Ex
1860 1750 1928 1793 re
1973 1728 2112 1804 tua,
2160 1737 2239 1794 ut
2286 1728 2507 1812 opinor,

754 1842 1016 1910 feceris:

427 1960 494 2027 N
497 1961 604 2027 am
636 1961 905 2028 domum
940 1983 1301 2044 numquam
1333 1961 1508 2026 intro
1534 1959 1676 2038 ibis,
1706 1959 1829 2026 nisi
1854 1958 2019 2027 feres
2043 1959 2288 2044 pallam
2326 1959 2506 2028 simul.

425 2059 526 2144 Eo
572 2078 862 2144 domum.
958 2089 1106 2144 rou.
1168 2077 1341 2156 Quid
1389 2076 1549 2143 mssu
1597 2076 1981 2155 futurumst,
2031 2078 2147 2161 qui
2193 2077 2321 2144 tibi
2369 2078 2509 2144 hauc

752 2196 1015 2278 operam
1047 2194 1243 2261 dedi?

428 2323 592 2377 Mat.
662 2293 878 2395 Opera
927 2311 1254 2388 reddetur,
1287 2311 1568 2393 ‘quando
1612 2309 1770 2394 quid
1817 2309 1939 2376 tibi
1984 2309 2107 2376 erit
2152 2312 2510 2396 surruptum

751 2428 967 2494 dom0.

430 2557 578 2611 Pon.
667 2525 745 2611 id
787 2544 1051 2627 quidem
1100 2542 1329 2627 edepol
1371 2545 1730 2627 numquam
1772 2542 1930 2609 erit:
2011 2566 2165 2609 nam
2206 2544 2373 2611 nihil
2412 2553 2508 2619 est,
2542 2597 2545 2606 ,

749 2662 924 2744 quod
956 2661 1247 2745 perdam,
1279 2659 1479 2726 domi.
2437 2678 2511 2726 665
2544 2747 2545 2750 Ἴ

421 2777 567 2856 Qua
613 2776 826 2844 uirum
872 2800 1004 2861 qua
1050 2777 1315 2843 uxorem
1361 2776 1429 2843 di
1475 2799 1592 2842 uos
1637 2777 1936 2860 perdant.
2027 2776 2406 2859 Properabo
2446 2773 2510 2842 ad
2544 2791 2545 2798 ’

748 2893 1001 2959 forum:

418 3010 594 3076 Nam
627 3011 704 3076 ex
732 3010 856 3076 hac
884 3008 1131 3076 familia
1160 3033 1266 3076 me
1296 3009 1488 3092 plane
1519 3009 1826 3076 excidisse
1856 3008 2177 3090 intellego.
2544 3093 2545 3098 ἵ

420 3138 594 3192 Mon.
654 3125 838 3192 Male
891 3126 982 3192 mi
1033 3150 1195 3192 uxor
1247 3128 1384 3192 sese
1434 3125 1661 3192 fecisse
1714 3127 1953 3204 censet,
2006 3148 2207 3208 quom
2261 3119 2545 3193 exclusit

749 3241 958 3308 foras:

418 3358 618 3437 Quasi
674 3383 805 3425 non
860 3359 1159 3438 habeam,
1217 3383 1350 3443 quo
1404 3361 1579 3425 intro
1634 3358 1883 3436 mittar,
1942 3357 2141 3424 alium
2196 3359 2512 3426 meliorem

745 3475 980 3542 locum.

417 3590 486 3657 Si
509 3590 633 3657 tibi
656 3590 986 3675 displiceo,
1014 3591 1444 3674 patiundum:
1490 3601 1561 3657 at
1586 3591 1888 3683 placuero
1913 3590 2065 3662 huie
2088 3590 2347 3659 Er6ti0.
2437 3609 2515 3660 670
