2585 4020
2528 4 2534 72 Ι

408 220 500 289 68
973 189 983 200 ’
1320 234 1612 289 PLAVTI
2142 236 2361 301 [Acrrvs
2399 237 2489 290 111.

407 410 528 476 Me
548 409 656 477 isti
677 433 810 477 non
831 412 1115 478 nutasse.
1167 424 1316 478 Pon.
1342 411 1569 478 Credit
1590 411 1721 478 iam
1740 411 1860 478 tibi
1876 363 1968 478 {le
1991 411 2116 478 isto
2140 437 2152 478 :
2187 412 2340 479 illuc
2358 413 2487 479 redi.

419 538 593 593 Men.
654 527 799 606 Quo
837 551 955 611 ego
992 527 1300 594 redeam?
1393 541 1540 595 Pon.
1602 528 1707 595 Ad
1744 522 2175 615 phrygionem
2215 529 2488 613 equidem

737 646 984 710 censeo,
1071 645 1129 723 I,
1160 644 1403 727 pallam
1434 643 1618 710 refer.

382 812 387 819 .
417 772 591 827 Men.
651 761 834 840 Quae
866 760 1067 827 istaec
1095 760 1381 844 pallast?
1478 773 1626 828 Pon.
1686 763 1902 829 Taceo
1932 762 2084 841 iam,
2116 762 2381 846 quando
2407 761 2489 827 hic

733 900 870 944 rem
901 900 1033 944 non
1062 877 1362 943 meminit
1394 901 1600 944 suam.

416 1006 580 1061 Mat.
642 993 1033 1061 Clanculum
1087 1003 1155 1060 te
1210 993 1414 1060 istaec
1466 993 1715 1077 flagitia
1769 994 1980 1062 facere
2037 995 2348 1062 censebas
2398 1017 2487 1078 po-

734 1110 821 1176 tis
841 1113 868 1176 ?
2412 1129 2487 1177 625

347 1241 348 1252 ¹
402 1228 508 1294 Ne
538 1226 715 1293 illam
744 1237 998 1293 ecastor
1027 1227 1362 1293 faenerato
1393 1226 1743 1296 abstulisti.
1830 1227 1936 1294 Sic
1963 1228 2181 1294 datur.

403 1356 554 1410 Pon.
613 1343 720 1410 Sic
771 1343 989 1409 datur.
1079 1343 1439 1426 Properato
1499 1352 1771 1426 apsente
1823 1345 1929 1410 me
1982 1367 2267 1410 comesse
2320 1344 2485 1427 pran-

730 1459 950 1525 dium:

401 1571 564 1642 P6st'
590 1586 745 1642 ante
775 1575 953 1641 aedis
985 1577 1134 1641 cum
1165 1598 1403 1641 corona
1432 1577 1538 1643 me
1566 1576 1860 1642 derideto
1891 1575 2124 1642 ebrius,

404 1704 577 1758 Men.
639 1693 873 1776 Neque
922 1691 1151 1774 edepol
1206 1715 1326 1774 ego
1374 1691 1608 1775 prandi
1656 1715 1868 1776 neque
1917 1691 2110 1758 hodie
2158 1691 2288 1758 hue
2337 1691 2482 1757 intro
2528 1605 2534 1768 Ι

500 1789 505 1793 ⁴
727 1808 923 1875 tetuli
951 1807 1204 1891 pedem.

403 1939 551 1992 Pon.
610 1926 716 1992 Τίι
768 1927 1008 2007 negas?
1106 1936 1278 1991 Men.
1340 1924 1527 2007 Nego
1584 1924 1794 1991 hercle
1845 1947 2019 1991 uero.
2114 1937 2263 1991 Pon.
2326 1921 2480 1990 Nihil

726 2041 850 2108 hoc
880 2041 1141 2108 homine
1171 2041 1536 2114 audaciust.
2403 2059 2481 2107 630

397 2159 465 2225 N
467 2159 553 2225 6n
582 2182 701 2241 ego
730 2167 798 2224 te
827 2159 1024 2224 modo
1054 2157 1159 2223 hic
1188 2166 1345 2223 ante
1374 2157 1551 2223 aedis
1582 2160 1730 2223 esim
1762 2180 1997 2224 corona
2026 2157 2224 2224 florea
2528 2148 2534 2265 ς

396 2274 548 2342 Vidi
578 2284 813 2352 astare,
846 2274 1046 2364 quom
1078 2273 1363 2356 negabas
1391 2273 1551 2339 mihi
1581 2298 1717 2340 esse
1748 2297 1978 2339 sanum
2010 2273 2293 2356 sinciput
2528 2292 2534 2343 1

396 2373 489 2459 Et
517 2390 800 2473 negabas
830 2392 936 2456 me
965 2390 1240 2467 nouisse,
1273 2389 1682 2473 peregrinum
1713 2389 1895 2455 aibas
1925 2391 2061 2456 esse
2091 2392 2202 2456 te?

408 2519 580 2573 Men.
640 2506 815 2585 Quin
847 2515 923 2573 ut
955 2506 1206 2573 dudum
1240 2505 1498 2572 deuorti
1533 2505 1651 2571 abs
1684 2515 1771 2583 te,
1808 2506 1999 2571 redeo
2031 2528 2204 2572 nunc
2235 2505 2479 2572 demum

725 2623 1014 2688 domum.

403 2753 551 2806 Pon.
612 2738 790 2804 N6ui
825 2762 942 2821 ego
975 2732 1063 2805 teL
1151 2739 1219 2804 N
1221 2763 1309 2804 on
1341 2738 1502 2804 mihi
1535 2737 1841 2804 censebas
1874 2738 2030 2814 esse,
2066 2735 2179 2819 qui
2211 2745 2280 2803 te
2314 2737 2478 2803 ulcis-

725 2878 933 2922 cerer:
2404 2845 2478 2918 635
2528 2940 2529 2943 Ἴ

394 2954 633 3040 Omnia
709 2971 920 3038 hercle
996 2970 1179 3039 uxori
1254 2969 1407 3036 dixi.
1506 2982 1678 3036 Men.
1739 2969 1912 3048 Quid
1989 2968 2254 3035 dixisti?
2344 2982 2475 3047 ¹Pon.

724 3087 981 3154 Nescio,

394 3207 680 3288 Eampse
718 3227 891 3287 roga.
991 3216 1163 3269 Men.
1224 3202 1398 3282 Quid
1435 3203 1559 3269 h6c
1596 3212 1715 3280 est,
1756 3204 1959 3268 uxor?
2039 3202 2356 3287 quidnam
2390 3199 2478 3266 hie

724 3322 1017 3387 narrauit
1046 3319 1214 3385 tibi?

396 3438 570 3516 Quid
614 3437 678 3503 id
724 3439 867 3502 est?
965 3435 1124 3518 quid
1168 3436 1390 3500 taces?
1487 3434 1648 3518 quin
1690 3425 1866 3502 dicis⁴
1892 3435 2050 3518 quid
2097 3434 2225 3500 sit?
2332 3447 2484 3520 Mat,

725 3550 927 3630 Quasi
956 3559 1033 3615 tu
1062 3549 1329 3615 nesciaS.
