2585 4020
381 230 470 298 32
1287 243 1581 301 PLAVTI
2136 246 2362 313 [Ac-’rvs
2409 246 2492 299 ΙΙ.

1173 565 1526 632 SCAENA
1584 566 1674 632 ΙΙ.

602 812 1021 880 CmNDRvs.
1108 812 1610 880 MENAEchvs
1654 814 1745 880 ΙΙ.
1833 813 2226 881 MESSENIO.

383 1012 514 1079 σπι.
575 1001 753 1067 Bene
782 1000 1098 1084 epsonaui
1127 1010 1329 1086 atque
1359 1003 1438 1068 ex
1463 1025 1610 1068 mea
1641 1001 2000 1069 sententia:
2065 1087 2070 1093 ⁵

376 1117 637 1183 Bonum
666 1119 1065 1200 anteponam
1094 1116 1444 1200 prandium
1473 1117 1910 1201 pranseribus.
2393 1138 2490 1186 275

375 1232 504 1299 Sed
533 1234 758 1300 eccfim
787 1233 1298 1300 Menaechmum
1327 1233 1538 1300 uideo.
1625 1235 1762 1300 Vae
1792 1235 1973 1317 terge
2002 1257 2185 1301 meo:

374 1348 562 1416 Prius
593 1349 723 1415 iam
753 1348 1070 1416 conuiuae
1100 1349 1532 1416 obambulant
1561 1359 1716 1416 ante
1745 1349 2007 1430 estium,

373 1464 588 1544 Quam
618 1488 736 1549 ego
765 1466 1092 1551 epsonatu
1120 1465 1333 1532 redeo.
1420 1465 1635 1532 Adibo
1665 1475 1866 1550 atque
1895 1466 2230 1551 adloquar.

372 1582 824 1662 Menaechme,
874 1582 1070 1648 salue.
1169 1594 1343 1648 Men.
1403 1582 1495 1648 Di
1538 1591 1605 1648 te
1651 1583 1990 1662 amabunt,
2038 1581 2332 1667 quisquis
2397 1607 2483 1650 eS.

1462 1693 1608 1775 quis
1636 1714 1754 1774 ego
1785 1690 1951 1757 sim?
2385 1714 2486 1759 280
2546 1688 2547 1691 '

382 1819 541 1874 Mes.
615 1808 765 1873 Non
799 1807 1010 1874 hercle
1038 1830 1213 1874 uero.
1337 1818 1467 1886 σπι.
1525 1785 1656 1873 Vbi
1685 1807 2001 1874 conuiuae
2030 1806 2270 1874 ceteri?

382 1935 556 1989 Men.
616 1923 795 2002 Quos
825 1926 902 1990 tfi
934 1922 1245 1989 conuiuas
1276 1922 1578 2007 quaeris?
1671 1934 1801 2001 σπι.
1862 1922 2233 1989 Parasitum
2266 1933 2480 1992 tuom.

383 2052 556 2107 Men.
616 2040 848 2107 Mefim
879 2040 1286 2124 parasitum?
1373 2042 1551 2108 certo
1579 2039 1685 2107 hic
1713 2040 2011 2107 insanust
2040 2040 2255 2107 homo,

383 2169 541 2223 Mes.
617 2156 818 2222 Dixin
846 2155 970 2223 tibi
999 2180 1135 2222 esse
1165 2155 1270 2222 hic
1301 2155 1740 2239 sycophantas
1769 2156 2148 2240 plurumos?
2540 2163 2546 2288 ⁶

382 2285 555 2339 Men.
616 2271 827 2351 Quem
854 2275 931 2340 tsi
958 2272 1322 2356 parasitum
1350 2272 1628 2357 quaeriS,
1658 2272 2055 2352 adulescenS‚
2083 2275 2351 2340 meum?
2384 2296 2480 2341 285

361 2401 507 2467 σπι.
614 2389 1014 2455 Peniculum.
1113 2401 1286 2455 Men.
1380 2440 1394 2454 .
1485 2440 1499 2455 .
1591 2440 1605 2454 .
1694 2389 1806 2455 ubi
1853 2440 1867 2454 .
1918 2441 1932 2455 .
1981 2441 1997 2456 .
2042 2392 2270 2455 meus?
2486 2372 2497 2380 ’

379 2517 537 2572 Mes.
612 2505 992 2572 Peniculum
1021 2514 1208 2571 tuom
1238 2528 1463 2572 eccum
1492 2507 1558 2571 in
1590 2504 1813 2572 uidulo
1844 2505 2094 2572 saluem
2123 2504 2279 2571 fero,
2536 2513 2544 2646 J

374 2633 506 2700 σπι.
611 2621 1064 2700 Menaechme,
1097 2644 1368 2688 numero
1397 2621 1524 2688 huc
1553 2621 1823 2688 aduenis
1853 2622 1937 2687 ad
1968 2621 2354 2704 prandium:

366 2738 564 2805 Nunc
592 2740 920 2821 epsonatu
949 2737 1160 2804 redeo.
1260 2751 1434 2804 Men.
1494 2737 1843 2821 Responde
1870 2736 2051 2815 mihi,

366 2853 796 2921 Adulescens:
854 2853 1092 2938 quibus
1121 2853 1226 2920 hic
1254 2853 1479 2938 pretiis
1508 2853 1687 2938 porci
1717 2855 2005 2920 ueneunt
2374 2877 2475 2922 290

364 2969 590 3037 Sacres
620 2969 892 3037 sinceri?
1021 2982 1153 3048 σπι.
1211 2971 1279 3036 N
1282 2969 1538 3037 (immis.
1667 2982 1840 3037 Men.
1898 2970 2263 3037 Nummum
2297 2993 2337 3037 a
2371 2995 2475 3038 me

693 3086 950 3171 accipe:

366 3202 530 3270 Iube
558 3205 626 3271 te
654 3203 824 3286 piari·
848 3203 931 3269 de
958 3226 1105 3269 mea
1134 3202 1430 3286 pecunia.

364 3321 540 3386 Nam
571 3320 873 3403 equidem
901 3321 1125 3385 insane
1160 3319 1462 3386 insanum
1493 3320 1629 3385 esse
1657 3328 1725 3385 te
1755 3320 1932 3385 certe
1963 3317 2114 3397 scio,

364 3436 493 3515 Qui
519 3436 679 3502 mihi
708 3436 1044 3502 molestu's
1073 3435 1322 3502 hemini
1353 3435 1595 3518 ignom,
1628 3435 1920 3518 quisquis
1950 3458 2036 3501 eS.

371 3564 503 3630 σπι.
537 3631 542 3636 .
585 3552 709 3619 Est
732 3551 856 3618 tibi
879 3552 1315 3619 Menaechmo
1341 3553 1597 3629 nemen,
1624 3560 1887 3618 tantum
1913 3550 2090 3635 qued
2116 3551 2338 3619 sciam.
2376 3575 2481 3621 295
