2585 4020
391 244 482 312 20
1296 255 1590 311 PLAVTI
2185 256 2403 321 [Ac‘rvs
2443 254 2494 311 1.

399 446 574 500 Men.
634 432 825 500 Clam
871 435 1202 502 uxoremst
1261 432 1375 499 ubi
1432 432 1798 518 sepfilcrum
1854 433 2233 512 habeamu8‚
2289 441 2492 517 atque

716 549 890 616 hfinc
919 548 1379 617 comburamfis
1407 549 1601 616 diem.

396 678 545 732 Pon.
632 647 769 750 Age
810 689 964 732 sane
1004 665 1221 750 igitur,
1263 665 1530 750 quando
1569 688 1851 750 aequom
1891 688 2059 745 oraS,
2102 666 2304 750 quam
2342 688 2497 732 mox

325 770 328 774 ’
715 781 990 849 incendo
1022 785 1296 866 rogum?

391 900 550 966 Dies
582 897 850 983 quidem
879 898 1010 965 iam
1040 898 1127 965 ad
1156 896 1539 966 fimbilicum
1567 907 1668 967 est
1697 897 2079 966 dimidiatus
2108 900 2424 965 m6rtu03.

404 1027 578 1082 Men.
637 1016 736 1082 Te
768 1038 1041 1093 morare,
1079 1015 1240 1081 mihi
1273 1039 1477 1100 quom
1511 1014 1881 1100 obloquere.
2008 1026 2157 1081 Pon.
2217 995 2502 1082 Oculum

716 1131 1001 1198 ecfodito
1031 1132 1146 1216 par
1176 1131 1388 1198 solum
2398 1150 2503 1197 160

388 1246 584 1326 Mihi,
604 1246 1059 1327 Menaechme,
1083 1247 1136 1313 si
1156 1247 1362 1315 fillum
1383 1247 1657 1315 uerbum
1677 1246 1849 1325 fam,
1871 1246 1995 1313 nisi
2015 1247 2193 1331 quod
2214 1243 2501 1313 ifisseriS.
2556 1282 2557 1325 1

400 1375 574 1429 Men.
635 1362 938 1430 Concede
967 1363 1096 1430 huc
1125 1387 1165 1430 a
1194 1363 1463 1430 foribus„
1558 1375 1708 1430 Pon.
1768 1362 1940 1430 Fiat.
2038 1375 2211 1429 Men.
2272 1343 2505 1429 Etiam
2556 1352 2557 1375 ³

716 1479 997 1546 concede
1025 1480 1173 1547 hac.
1268 1491 1418 1546 Pon.
1478 1479 1682 1547 Licet.
2322 1565 2330 1570 .

399 1608 572 1662 Men.
631 1576 857 1662 Etiam
886 1619 1060 1662 nunc
1090 1596 1371 1662 concede
1400 1595 1713 1662 audacter
1742 1594 1827 1663 ab
1857 1594 2113 1662 leonino
2144 1617 2329 1662 cauo,

396 1723 545 1778 Pon.
607 1711 731 1790 Ea,
755 1711 983 1796 edepol
1005 1735 1085 1778 ne
1105 1721 1202 1790 tu,
1224 1713 1304 1779 sit
1324 1735 1440 1795 ego
1461 1711 1711 1796 opinor,
1734 1713 1903 1778 asses
1924 1710 2210 1794 agitator
2228 1709 2501 1794 probus.

399 1840 573 1894 Men.
633 1827 968 1907 Quidum?
1104 1841 1255 1894 Pon.
1316 1828 1422 1894 Ne
1467 1837 1536 1894 te
1582 1829 1743 1894 uxor
1789 1835 2120 1912 sequatur,
2169 1827 2505 1910 raspectas

720 1943 1099 2010 identidem.
2412 1962 2506 2010 165

367 2074 576 2128 ·Men.
636 2061 764 2128 Sed
795 2060 955 2145 quid
985 2061 1125 2127 ais?
1218 2073 1369 2128 Pon.
1429 2061 1700 2145 Egone?
1756 2059 1827 2127 id
1854 2058 2028 2127 enim
2058 2058 2238 2144 quod
2267 2067 2346 2125 tu
2377 2061 2504 2138 υἷε,

718 2177 785 2244 id
815 2177 918 2243 aio
949 2185 1150 2262 atque
1177 2178 1243 2244 id
1277 2201 1462 2261 negO.

403 2423 574 2476 Men.
634 2391 995 2476 Elocutu's.

391 2527 458 2591 N
461 2528 589 2592 sinc
618 2526 703 2592 ad
733 2525 1013 2592 amicam
1041 2525 1371 2592 deferetur
1399 2526 1569 2592 hanc
1597 2523 2002 2591 meretricem
2031 2523 2356 2591 Erotium.

393 2641 587 2721 Mihi,
619 2640 743 2707 tibi
773 2650 974 2725 atque
1004 2641 1095 2707 illi
1124 2640 1362 2707 iubebo
1393 2640 1524 2707 iam
1554 2640 1857 2725 adparari
1886 2639 2269 2724 prandium:

392 2740 555 2825 inde
585 2780 791 2841 usque
820 2758 906 2824 ad
934 2756 1238 2824 difirnam
1268 2756 1525 2823 stellam
1555 2756 1908 2822 crastinam
1937 2755 2333 2840 potabimus,

400 2885 549 2940 Pon.
610 2874 737 2952 Ea,
793 2873 1093 2957 expedite
1145 2871 1526 2940 fabulatu’s.
1616 2872 1761 2939 Iam
1813 2871 1970 2938 foris
2022 2870 2229 2938 ferio?
2325 2883 2503 2941 Men.

720 2989 887 3069 Feri,
2418 3010 2509 3057 180

392 3106 513 3174 erl
544 3130 737 3174 mane
770 3104 991 3173 etiam.
1118 3117 1269 3171 Pon.
1331 3103 1522 3170 Mille
1555 3127 1821 3188 passum
1854 3101 2319 3170 commoratu's
2353 3108 2509 3173 can-

721 3222 1007 3289 tharum.

406 3353 580 3407 Men.
641 3339 904 3406 Placide
946 3338 1152 3422 pulta.
1288 3349 1438 3404 Pon.
1499 3335 1752 3404 Matuis
1782 3336 2011 3429 ‘cred0‚
2057 3336 2138 3402 na
2178 3334 2348 3402 fores
2400 3339 2511 3407 Sa-

723 3454 894 3521 miaa
925 3454 1114 3520 sient.
