2585 4020
394 232 484 306 80
1304 244 1595 301 PLAVTI
1996 309 2004 318 ¹
2137 209 2357 311 [Acrvs
2399 243 2487 301 IV.

403 436 577 490 Mon.
637 423 810 503 Quid
841 423 907 489 id
939 424 1023 490 ad
1052 448 1178 503 me,
1210 433 1287 489 tu
1318 433 1385 490 te
1415 426 1692 507 nfiptam
1723 422 1928 506 possis
1957 422 2231 505 parpeti‚

392 540 497 605 An
528 542 613 606 sis
643 539 904 606 abitura
935 562 974 606 a
1004 542 1121 606 tfio
1152 538 1339 606 uiro?
1424 539 1528 604 An
1557 562 1699 605 mos
1728 537 1833 604 hic
1863 538 2041 616 itast,

394 656 737 738 Peregrino
768 665 844 721 ut
874 655 1250 726 aduenianti
1280 664 1547 721 narrent
1575 654 1876 721 fabulas?

403 785 564 838 Mat.
637 772 816 851 Quas
836 772 1137 838 fab'ulas‘?
1224 773 1402 850 Non,
1423 774 1716 855 inquam,
1740 770 1954 855 patiar
1975 770 2379 854 praaterhac,
2404 790 2483 836 725

394 888 567 967 Quin
596 889 797 955 uidua
828 888 1072 967 uiuam,
1104 889 1304 971 quam
1335 898 1486 954 tuos
1515 910 1725 953 mores
1755 887 2094 971 parferam.

405 1018 582 1072 Mon.
642 1005 803 1070 Mea
834 995 1097 1186 qffiidem
1128 1004 1340 1070 hercle
1371 1006 1566 1070 caasa
1597 1003 1796 1069 uidua
1827 1003 2035 1069 uiuito

391 1120 509 1187 Vel
540 1123 746 1205 (isque
775 1120 866 1186 du

402 1250 566 1304 Mat.
636 1238 740 1302 Ne
771 1237 940 1303 istac
968 1246 1290 1302 mecastor
1322 1236 1451 1302 iam
1482 1245 1736 1318 patrem
1767 1236 2086 1301 arcessam
2115 1258 2337 1301 meum

391 1332 611 1437 Atque
642 1353 699 1420 ei
730 1352 1008 1419 narrabo
1038 1354 1156 1419 tfia
1186 1352 1433 1435 flagitia
1463 1354 1631 1436 quaa
1661 1351 1838 1418 facis,
2360 1370 2478 1440 ,4730

393 1472 447 1547 I,
479 1465 704 1547 Decio,
737 1492 976 1553 quaere
1005 1471 1224 1536 meam
1255 1479 1532 1553 patrem,
1564 1470 1783 1570 tecum
1814 1467 2003 1535 simul
2508 1509 2538 1603 4

966 1144 1233 1203 regnum
1265 1119 1591 1203 6ptinebit
1622 1119 1937 1202 Iuppiter.

390 1585 482 1652 Vt
512 1587 735 1652 ueniat
766 1585 850 1651 ad
880 1610 1020 1651 me:
1066 1586 1161 1650 ita
1191 1586 1326 1652 rem
1358 1594 1584 1651 natam
1614 1608 1751 1670 esse
1779 1585 2000 1651 dicito,

394 1702 537 1768 Iam
566 1726 683 1785 ego
715 1703 1002 1785 aperiam
1034 1701 1235 1767 istaec
1263 1703 1383 1770 tina
1412 1697 1677 1784 flagitia.
1776 1713 1948 1766 Men.
2009 1700 2229 1767 Sanan
2259 1703 2368 1767 es?

391 1818 573 1897 Quae
602 1820 748 1902 mea
778 1817 1071 1900 flagitia?
1167 1819 1337 1884 Mat-,L
1394 1817 1608 1883 Pallas
1637 1826 1837 1900 atque
1867 1818 2099 1883 auram
2128 1840 2347 1883 meum

392 1934 609 2000 Domo
641 1934 929 2018 suppilas
958 1936 1048 2002 ta.
1065 1943 1219 2000 tuae
1250 1933 1433 1999 uxori
1463 1935 1530 1999 at
1560 1942 1713 1999 tuae
2108 1919 2111 1922 “
2394 1951 2473 2013 735

392 2052 660 2134 Degaris
691 2040 964 2117 amicaess
1047 2051 1235 2117 Satin
1264 2050 1425 2116 haec
1455 2060 1628 2116 recte
1657 2050 1958 2117 fabulor?

402 2181 574 2234 Mon.
636 2168 806 2246 Heu,
836 2168 1067 2246 harcle,
1096 2167 1348 2245 mulier,
1377 2168 1660 2233 multum
1689 2176 1757 2232 et
1784 2167 2000 2233 audax
2026 2168 2094 2233 at
2120 2167 2295 2233 mala
2321 2190 2400 2232 es,

391 2286 542 2350 Tun
570 2285 693 2350 tibi
723 2284 891 2349 hanc
923 2294 1297 2366 surruptam
1327 2283 1538 2349 dicere
1569 2283 1789 2361 audeS,
1822 2284 2021 2366 quam
2050 2283 2210 2348 mihi

392 2401 596 2466 Dedit
626 2401 753 2466 alia
782 2400 1033 2479 mulier,
1065 2402 1142 2467 1'1t
1172 2399 1691 2486 concinnandam
1721 2398 1988 2464 darem?

402 2530 565 2583 Mat.
635 2517 834 2583 Haud
864 2516 1025 2581 mihi
1055 2516 1340 2598 negabas
1369 2515 1620 2582 dadum
1651 2517 2053 2597 surrupuisse
2083 2524 2185 2581 te:
2388 2532 2469 2580 740

391 2634 587 2699 Nunc
617 2633 889 2699 eandem
921 2642 1074 2698 ante
1105 2632 1325 2698 oculos
1356 2631 1642 2697 attines?
1728 2632 1882 2696 Non
1913 2633 1980 2697 ta
2010 2631 2259 2715 pudet?

402 2762 575 2816 Mon.
635 2750 892 2829 Quaeso
920 2748 1150 2827 hercle,
1182 2748 1432 2826 mulier,
1464 2750 1517 2813 si
1546 2747 1688 2826 sciS‚
1719 2757 2014 2813 monstra
2041 2749 2219 2832 quod
2248 2749 2465 2821 bibam,

390 2867 605 2931 Tuam
636 2866 761 2949 qui«
778 2865 1019 2949 possim
1050 2864 1303 2948 perpeti
1332 2864 1787 2947 petulantiam.

390 2982 602 3060 Quem
630 2984 707 3048 tu
735 2982 885 3048 med
916 2981 1245 3046 hominem
1276 3004 1412 3045 esse
1444 2979 1775 3059 arbitrere,
1808 2979 2058 3046 nascio:

392 3098 533 3180 Ego
563 3100 631 3164 ta
661 3098 883 3164 simitu
913 3097 1065 3162 noui
1098 3120 1248 3162 cum
1278 3095 1668 3161 Porthaone.
2392 3109 2466 3159 745

403 3228 566 3281 Mat.
636 3214 704 3281 Si
732 3215 838 3281 ma
866 3214 1138 3291 derideS‚
1172 3214 1244 3278 at
1273 3212 1382 3296 pol
1414 3211 1594 3277 illum
1624 3213 1755 3278 non
1784 3223 1991 3296 poteS,

394 3333 656 3397 Patrem
686 3354 926 3407 meum,
960 3329 1072 3412 qui
1101 3329 1229 3395 huc
1259 3328 1548 3393 aduenit.
1636 3328 1810 3407 Quin
1839 3330 2143 3413 raspicis‘?

394 3447 706 3512 Nouistin
735 3456 811 3511 tu
841 3446 1067 3510 illum?
1164 3457 1338 3510 Mon.
1398 3442 1576 3518 Noui
1607 3467 1754 3509 cum
1785 3444 2031 3510 Calcha
2061 3445 2287 3512 simul:

394 3536 646 3628 Eodam
676 3561 780 3626 die
811 3560 990 3625 illum
1022 3559 1178 3637 uidi,
1211 3581 1342 3641 quo
1372 3567 1439 3623 te
1470 3567 1623 3623 ante
1652 3558 1825 3624 hanc
1854 3559 2047 3629 diem.
