2585 4020
419 282 509 349 88
1329 292 1620 348 PLAVTI
2162 293 2393 358 [Acrvs
2439 292 2530 349 IV.

418 469 726 553 Deosque
755 469 842 535 do
874 471 1081 536 testis,
1179 481 1322 536 Son.
1382 470 1529 549 Qua
1559 468 1643 536 de
1673 491 1741 537 re
1771 478 1891 535 aut
1921 469 2156 553 quoius
2188 468 2280 536 rei
2314 492 2531 536 rerum

745 585 1038 651 omnium
1056 588 1084 651 ?

427 712 601 768 Men.
661 701 782 767 Me
814 724 1025 785 neque
1057 701 1166 768 isti
1198 702 1369 768 male
1401 701 1627 769 fecisse
1659 701 1933 779 mfilieri,
1969 724 2139 785 quae
2170 725 2278 768 me
2313 701 2531 785 arguit

417 817 609 884 Hanc
637 817 835 884 domo
865 817 950 884 ab
981 841 1048 884 se
1078 817 1483 902 sfirrupuisse
1698 868 1713 885 .
1969 869 1984 883 .
2242 868 2257 884 .
2441 838 2531 884 815

562 986 575 999 .
831 984 849 1001 .
1644 943 1846 1017 atque
1874 931 2222 1000 abstulisse
2250 933 2528 1000 deierat.

416 1050 485 1117 Si
519 1074 637 1133 ego
673 1049 847 1117 intra
881 1050 1073 1117 aedes
1109 1050 1302 1117 hfiius
1337 1073 1674 1134 umquam,
1712 1049 1827 1116 ubi
1860 1048 2145 1128 habitat,
2181 1051 2531 1134 penetraui

744 1166 999 1251 pedem,
2556 1151 2557 1154 Ἴ

415 1265 726 1350 Omnium
753 1281 1092 1348 hominum
1120 1283 1359 1365 exopto
1386 1291 1463 1348 ut
1489 1282 1644 1348 fiam
1670 1284 2053 1349 miserorum
2080 1279 2528 1349 miserrumuS.
2558 1305 2559 1380 ᾗ

424 1411 566 1465 sen.
660 1398 886 1466 Sanun
920 1423 1007 1478 eS‚
1045 1399 1157 1483 qui
1194 1398 1366 1465 istfic
1399 1408 1685 1483 exopteS,
1722 1401 1842 1466 afit
1875 1422 2068 1483 neges
2102 1408 2172 1465 te
2205 1400 2530 1484 umquam

746 1515 979 1599 pedem

416 1614 496 1699 ΪΠ
526 1655 634 1698 eas
663 1631 843 1698 aedis
870 1632 1166 1698 intulisse
1196 1631 1310 1698 ubi
1339 1631 1621 1710 habitas
1655 1631 2126 1698 insanissume?
2434 1652 2533 1699 820
2560 1655 2561 1744 χ

426 1760 598 1814 Men.
658 1749 830 1826 Tfin,
863 1772 1074 1827 senex,
1107 1751 1201 1814 ais
1231 1748 1531 1815 habitare
1559 1748 1707 1814 med
1740 1748 1807 1812 in
1837 1747 2033 1814 illisce
2062 1746 2387 1814 aedibus?
2560 1749 2561 1754 ’

423 1876 565 1931 Son.
657 1866 763 1931 Tfi
795 1867 1036 1948 negas?
1133 1877 1306 1931 Men.
1368 1865 1554 1948 Nego
1586 1864 1799 1931 hercle
1831 1887 2005 1930 uero,
2102 1875 2245 1930 Son.
2310 1864 2531 1931 Immo

740 1981 952 2048 hercle
981 1980 1248 2048 ridicule
1278 2003 1511 2064 negas;

413 2099 480 2165 N
482 2097 560 2164 isi
589 2121 721 2182 quo
752 2107 943 2164 nocte
972 2098 1096 2165 hac
1125 2096 1517 2181 exmigrasti.
1606 2097 1908 2164 Concede
1936 2097 2065 2163 huc
2095 2096 2200 2174 siS,
2233 2096 2398 2163 filia.

414 2214 588 2293 Quid
643 2224 720 2280 tu
775 2214 914 2281 ais?
1001 2238 1159 2281 num
1214 2214 1365 2280 hinc
1420 2213 1868 2297 exmigrastis?
1966 2226 2128 2280 Mat.
2189 2212 2408 2292 Quem
2466 2213 2532 2280 in

740 2331 954 2397 locum
986 2333 1104 2423 afit
1134 2354 1337 2415 quam
1367 2330 1452 2397 ob
1482 2354 1639 2409 rem,
1673 2330 1983 2397 obsecro?

422 2460 564 2515 Son.
625 2448 692 2514 N
695 2449 781 2514 6n
815 2447 1043 2531 edepol
1081 2446 1231 2514 scio.
1331 2459 1495 2515 Mat.
1558 2447 1861 2514 Profecto
1896 2445 2068 2513 ladit
2102 2454 2170 2513 te
2204 2445 2349 2512 hic:
2396 2470 2534 2513 non

740 2566 817 2630 tsi
860 2566 1088 2630 tenes?
2428 2583 2531 2628 825

413 2681 559 2746 Iam
581 2703 757 2759 uer0,
782 2680 1235 2760 Menaechme,
1263 2677 1423 2747 satis
1447 2678 1759 2746 iocatu's:
1803 2702 1978 2746 nunc
1999 2678 2170 2744 hanc
2193 2678 2331 2743 rem
2356 2702 2529 2762 gere.

423 2808 598 2863 Men.
658 2796 936 2876 Quaem,
991 2795 1148 2882 quid
1202 2796 1363 2863 mihi
1414 2797 1745 2862 tecumst?
1839 2794 2014 2862 unde
2076 2804 2197 2860 aut
2247 2795 2399 2879 quis
2451 2804 2531 2861 tu

740 2913 1037 2978 homo’s?
1098 2914 1304 2979 sanan
1333 2912 1456 2978 tibi

411 3029 609 3096 Mens
634 3038 734 3096 est
758 3039 876 3095 aut
893 3030 1063 3096 adeo
1087 3029 1217 3108 isti,
1245 3052 1415 3112 quae
1439 3028 1780 3095 molestast
1803 3027 1964 3094 mihi
1988 3027 2254 3110 quoquo
2278 3027 2530 3093 modo?

424 3158 586 3212 Mat.
654 3146 868 3212 Viden
916 3155 994 3211 tu
1043 3145 1170 3211 illic
1218 3144 1439 3211 oculos
1488 3144 1731 3211 liuere?
1818 3144 1914 3210 Ut
1962 3141 2186 3209 uiridis
2236 3142 2534 3214 exoritfir

740 3262 914 3328 colos

409 3359 509 3444 Ex
528 3378 1154 3462 temporibus'atque
1174 3376 1390 3444 fronte
1413 3401 1426 3443 ε
1471 3387 1547 3444 ut
1568 3377 1738 3442 6culi
1759 3376 2137 3454 scintillant,
2162 3374 2334 3441 uide.
2431 3388 2535 3442 830

420 3505 592 3561 Men.
653 3494 782 3560 Hei
824 3493 1005 3572 mihi,
1054 3492 1335 3560 insanire
1378 3517 1484 3561 me
1528 3492 1737 3572 aiunt,
1787 3492 1961 3559 filtro
2007 3514 2210 3575 quom
2257 3491 2386 3577 ipsi
2438 3491 2536 3557 in-

615 3695 621 3702 ·
739 3608 1025 3681 Saniunt.
2257 3640 2275 3721 ί

2260 3740 2275 3799 b

2264 3802 2299 3979 Χ
