<?xml version="1.0" encoding="UTF-8"?>
<!DOCTYPE html PUBLIC "-//W3C//DTD XHTML 1.0 Transitional//EN"
    "http://www.w3.org/TR/xhtml1/DTD/xhtml1-transitional.dtd">
<html xmlns="http://www.w3.org/1999/xhtml" xml:lang="en" lang="en">
 <head>
  <title>
</title>
<meta http-equiv="Content-Type" content="text/html;charset=utf-8" />
  <meta name='ocr-system' content='tesseract 3.04.00' />
  <meta name='ocr-capabilities' content='ocr_page ocr_carea ocr_par ocr_line ocrx_word'/>
</head>
<body>
  <div class='ocr_page' id='page_1' title='image "./tmacciplavtimen01plaugoog_0064.png"; bbox 0 0 2585 4020; ppageno 0'>
   <div class='ocr_carea' id='block_1_1' title="bbox 391 248 2506 326">
    <p class='ocr_par' dir='ltr' id='par_1_1' title="bbox 391 248 2506 326">
     <span class='ocr_line' id='line_1_1' title="bbox 391 248 2506 326; baseline -0.002 -9"><span class='ocrx_word' id='word_1_1' title='bbox 391 248 483 317; x_wconf 91' lang='lat'>44</span> <span class='ocrx_word' id='word_1_2' title='bbox 1300 260 1593 315; x_wconf 81' lang='lat' dir='ltr'><strong>PLAVTI</strong></span> <span class='ocrx_word' id='word_1_3' title='bbox 1815 262 1824 281; x_wconf 75' lang='lat'><strong><em>¹</em></strong></span> <span class='ocrx_word' id='word_1_4' title='bbox 2158 261 2395 326; x_wconf 62' lang='lat' dir='ltr'>[Acrrvs</span> <span class='ocrx_word' id='word_1_5' title='bbox 2437 260 2506 314; x_wconf 76' lang='lat'>11,</span> 
     </span>
    </p>
   </div>
   <div class='ocr_carea' id='block_1_2' title="bbox 389 435 2506 1223">
    <p class='ocr_par' dir='ltr' id='par_1_2' title="bbox 391 435 2505 632">
     <span class='ocr_line' id='line_1_2' title="bbox 391 435 2505 519; baseline 0 -18"><span class='ocrx_word' id='word_1_6' title='bbox 391 436 636 504; x_wconf 68' lang='lat' dir='ltr'>Prendi</span> <span class='ocrx_word' id='word_1_7' title='bbox 679 435 747 503; x_wconf 92' lang='lat' dir='ltr'>in</span> <span class='ocrx_word' id='word_1_8' title='bbox 791 437 982 504; x_wconf 88' lang='lat' dir='ltr'>naui:</span> <span class='ocrx_word' id='word_1_9' title='bbox 1071 435 1221 504; x_wconf 92' lang='lat' dir='ltr'>inde</span> <span class='ocrx_word' id='word_1_10' title='bbox 1264 436 1395 504; x_wconf 88' lang='lat' dir='ltr'>huc</span> <span class='ocrx_word' id='word_1_11' title='bbox 1439 459 1584 503; x_wconf 92' lang='lat' dir='ltr'>sum</span> <span class='ocrx_word' id='word_1_12' title='bbox 1628 459 1919 519; x_wconf 88' lang='lat' dir='ltr'>egressus</span> <span class='ocrx_word' id='word_1_13' title='bbox 1975 438 2045 504; x_wconf 91' lang='lat' dir='ltr'>et</span> <span class='ocrx_word' id='word_1_14' title='bbox 2086 446 2156 504; x_wconf 90' lang='lat' dir='ltr'>te</span> <span class='ocrx_word' id='word_1_15' title='bbox 2200 436 2505 504; x_wconf 88' lang='lat' dir='ltr'>conueni.</span> 
     </span>
     <span class='ocr_line' id='line_1_3' title="bbox 725 535 1184 632; baseline 0.002 -14"><span class='ocrx_word' id='word_1_16' title='bbox 725 564 865 619; x_wconf 68' lang='lat' dir='ltr'>Ero.</span> <span class='ocrx_word' id='word_1_17' title='bbox 924 535 1184 632; x_wconf 66' lang='lat' dir='ltr'>Emere,</span> 
     </span>
    </p>

    <p class='ocr_par' dir='ltr' id='par_1_3' title="bbox 392 667 2503 868">
     <span class='ocr_line' id='line_1_4' title="bbox 392 667 2503 749; baseline 0 -15"><span class='ocrx_word' id='word_1_18' title='bbox 392 667 562 736; x_wconf 91' lang='lat' dir='ltr'>Perii</span> <span class='ocrx_word' id='word_1_19' title='bbox 591 667 844 735; x_wconf 90' lang='lat' dir='ltr'>misera.</span> <span class='ocrx_word' id='word_1_20' title='bbox 931 669 1147 749; x_wconf 71' lang='lat' dir='ltr'>Quem</span> <span class='ocrx_word' id='word_1_21' title='bbox 1178 678 1254 735; x_wconf 95' lang='lat' dir='ltr'>tu</span> <span class='ocrx_word' id='word_1_22' title='bbox 1286 667 1447 734; x_wconf 92' lang='lat' dir='ltr'>mihi</span> <span class='ocrx_word' id='word_1_23' title='bbox 1479 692 1652 736; x_wconf 90' lang='lat' dir='ltr'>nunc</span> <span class='ocrx_word' id='word_1_24' title='bbox 1683 670 1920 735; x_wconf 71' lang='lat' dir='ltr'>neuem</span> <span class='ocrx_word' id='word_1_25' title='bbox 1952 671 2223 736; x_wconf 77' lang='lat' dir='ltr'>narras?</span> <span class='ocrx_word' id='word_1_26' title='bbox 2329 682 2503 737; x_wconf 75' lang='lat' dir='ltr'>Mon.</span> 
     </span>
     <span class='ocr_line' id='line_1_5' title="bbox 717 785 1050 868; baseline -0.003 -17"><span class='ocrx_word' id='word_1_27' title='bbox 717 785 1050 868; x_wconf 89' lang='lat' dir='ltr'>Ligneam,</span> 
     </span>
    </p>

    <p class='ocr_par' dir='ltr' id='par_1_4' title="bbox 391 900 2213 985">
     <span class='ocr_line' id='line_1_6' title="bbox 391 900 2213 985; baseline -0.001 -17"><span class='ocrx_word' id='word_1_28' title='bbox 391 902 598 985; x_wconf 91' lang='lat' dir='ltr'>Saepe</span> <span class='ocrx_word' id='word_1_29' title='bbox 626 900 874 979; x_wconf 84' lang='lat' dir='ltr'><strong>tritam,</strong></span> <span class='ocrx_word' id='word_1_30' title='bbox 907 901 1099 984; x_wconf 91' lang='lat' dir='ltr'>saepe</span> <span class='ocrx_word' id='word_1_31' title='bbox 1126 900 1369 980; x_wconf 90' lang='lat' dir='ltr'>fissam,</span> <span class='ocrx_word' id='word_1_32' title='bbox 1402 903 1593 985; x_wconf 89' lang='lat' dir='ltr'>saepe</span> <span class='ocrx_word' id='word_1_33' title='bbox 1625 923 1929 967; x_wconf 84' lang='lat' dir='ltr'>excusam</span> <span class='ocrx_word' id='word_1_34' title='bbox 1958 901 2213 968; x_wconf 70' lang='lat' dir='ltr'>melleo,</span> 
     </span>
    </p>

    <p class='ocr_par' dir='ltr' id='par_1_5' title="bbox 389 1016 2109 1101">
     <span class='ocr_line' id='line_1_7' title="bbox 389 1016 2109 1101; baseline 0 -18"><span class='ocrx_word' id='word_1_35' title='bbox 389 1017 592 1098; x_wconf 71' lang='lat' dir='ltr'>Quesi</span> <span class='ocrx_word' id='word_1_36' title='bbox 621 1017 905 1101; x_wconf 85' lang='lat' dir='ltr'>supellex</span> <span class='ocrx_word' id='word_1_37' title='bbox 934 1016 1263 1101; x_wconf 88' lang='lat' dir='ltr'>pellionis:</span> <span class='ocrx_word' id='word_1_38' title='bbox 1309 1017 1496 1100; x_wconf 81' lang='lat' dir='ltr'>palus</span> <span class='ocrx_word' id='word_1_39' title='bbox 1526 1018 1675 1100; x_wconf 91' lang='lat' dir='ltr'>palo</span> <span class='ocrx_word' id='word_1_40' title='bbox 1705 1019 2109 1100; x_wconf 83' lang='lat' dir='ltr'>prexumust.</span> 
     </span>
    </p>

    <p class='ocr_par' dir='ltr' id='par_1_6' title="bbox 398 1131 2506 1223">
     <span class='ocr_line' id='line_1_8' title="bbox 398 1131 2506 1223; baseline 0.002 -25"><span class='ocrx_word' id='word_1_41' title='bbox 398 1144 538 1199; x_wconf 68' lang='lat' dir='ltr'>Ero.</span> <span class='ocrx_word' id='word_1_42' title='bbox 600 1133 744 1199; x_wconf 71' lang='lat' dir='ltr'>Iem</span> <span class='ocrx_word' id='word_1_43' title='bbox 775 1131 1033 1212; x_wconf 90' lang='lat' dir='ltr'>amab0‚</span> <span class='ocrx_word' id='word_1_44' title='bbox 1065 1133 1307 1199; x_wconf 83' lang='lat' dir='ltr'>desiste</span> <span class='ocrx_word' id='word_1_45' title='bbox 1337 1132 1525 1200; x_wconf 91' lang='lat' dir='ltr'>ludos</span> <span class='ocrx_word' id='word_1_46' title='bbox 1555 1134 1767 1199; x_wconf 74' lang='lat' dir='ltr'>facere</span> <span class='ocrx_word' id='word_1_47' title='bbox 1799 1142 2000 1217; x_wconf 92' lang='lat' dir='ltr'>atque</span> <span class='ocrx_word' id='word_1_48' title='bbox 2031 1132 2053 1199; x_wconf 92' lang='lat' dir='ltr'>i</span> <span class='ocrx_word' id='word_1_49' title='bbox 2083 1133 2506 1223; x_wconf 24' lang='lat' dir='ltr'>hac-mecum</span> 
     </span>
    </p>
   </div>
   <div class='ocr_carea' id='block_1_3' title="bbox 396 1248 2506 1799">
    <p class='ocr_par' dir='ltr' id='par_1_7' title="bbox 396 1248 2506 1799">
     <span class='ocr_line' id='line_1_9' title="bbox 719 1248 2505 1317; baseline 0.001 -2"><span class='ocrx_word' id='word_1_50' title='bbox 719 1248 944 1315; x_wconf 91' lang='lat' dir='ltr'>semul.</span> <span class='ocrx_word' id='word_1_51' title='bbox 2412 1271 2505 1317; x_wconf 87' lang='lat'>405</span> 
     </span>
     <span class='ocr_line' id='line_1_10' title="bbox 400 1364 2506 1449; baseline 0.001 -18"><span class='ocrx_word' id='word_1_52' title='bbox 400 1377 573 1432; x_wconf 76' lang='lat' dir='ltr'>Mon.</span> <span class='ocrx_word' id='word_1_53' title='bbox 633 1364 870 1431; x_wconf 91' lang='lat' dir='ltr'>Nescio</span> <span class='ocrx_word' id='word_1_54' title='bbox 903 1388 1100 1449; x_wconf 93' lang='lat' dir='ltr'>quem</span> <span class='ocrx_word' id='word_1_55' title='bbox 1142 1374 1239 1443; x_wconf 91' lang='lat' dir='ltr'>tu,</span> <span class='ocrx_word' id='word_1_56' title='bbox 1283 1364 1534 1443; x_wconf 91' lang='lat' dir='ltr'>mulier,</span> <span class='ocrx_word' id='word_1_57' title='bbox 1580 1364 1780 1432; x_wconf 91' lang='lat' dir='ltr'>alium</span> <span class='ocrx_word' id='word_1_58' title='bbox 1797 1382 1804 1387; x_wconf 85' lang='grc'>·</span> <span class='ocrx_word' id='word_1_59' title='bbox 1821 1364 2171 1443; x_wconf 77' lang='lat' dir='ltr'>huminem,</span> <span class='ocrx_word' id='word_1_60' title='bbox 2218 1389 2366 1433; x_wconf 89' lang='lat' dir='ltr'>non</span> <span class='ocrx_word' id='word_1_61' title='bbox 2410 1392 2506 1434; x_wconf 86' lang='lat' dir='ltr'>me</span> 
     </span>
     <span class='ocr_line' id='line_1_11' title="bbox 715 1476 1994 1566; baseline 0 -18"><span class='ocrx_word' id='word_1_62' title='bbox 715 1481 1066 1566; x_wconf 75' lang='lat' dir='ltr'>quaeritas,</span> <span class='ocrx_word' id='word_1_63' title='bbox 1989 1476 1994 1481; x_wconf 73' lang='grc'><strong>’</strong></span> 
     </span>
     <span class='ocr_line' id='line_1_12' title="bbox 396 1597 2505 1682; baseline 0.002 -18"><span class='ocrx_word' id='word_1_64' title='bbox 396 1611 537 1665; x_wconf 75' lang='lat' dir='ltr'>Ero.</span> <span class='ocrx_word' id='word_1_65' title='bbox 598 1598 754 1664; x_wconf 88' lang='lat' dir='ltr'>N6n</span> <span class='ocrx_word' id='word_1_66' title='bbox 785 1622 903 1681; x_wconf 87' lang='lat' dir='ltr'>ego</span> <span class='ocrx_word' id='word_1_67' title='bbox 934 1608 1003 1665; x_wconf 90' lang='lat' dir='ltr'>te</span> <span class='ocrx_word' id='word_1_68' title='bbox 1035 1600 1190 1665; x_wconf 92' lang='lat' dir='ltr'>noui</span> <span class='ocrx_word' id='word_1_69' title='bbox 1219 1597 1751 1677; x_wconf 84' lang='lat' dir='ltr'>Menaechmum,</span> <span class='ocrx_word' id='word_1_70' title='bbox 1785 1597 2067 1664; x_wconf 82' lang='lat' dir='ltr'>Mescho</span> <span class='ocrx_word' id='word_1_71' title='bbox 2095 1603 2505 1682; x_wconf 87' lang='lat' dir='ltr'>prognatum</span> 
     </span>
     <span class='ocr_line' id='line_1_13' title="bbox 713 1724 922 1799; baseline 0 -19"><span class='ocrx_word' id='word_1_72' title='bbox 713 1724 922 1799; x_wconf 93' lang='lat' dir='ltr'>patre,</span> 
     </span>
    </p>
   </div>
   <div class='ocr_carea' id='block_1_4' title="bbox 387 1829 2503 2612">
    <p class='ocr_par' dir='ltr' id='par_1_8' title="bbox 388 1829 1999 1914">
     <span class='ocr_line' id='line_1_14' title="bbox 388 1829 1999 1914; baseline 0.001 -19"><span class='ocrx_word' id='word_1_73' title='bbox 388 1831 516 1911; x_wconf 81' lang='lat' dir='ltr'>Qui</span> <span class='ocrx_word' id='word_1_74' title='bbox 544 1831 879 1914; x_wconf 81' lang='lat' dir='ltr'>Syracusis</span> <span class='ocrx_word' id='word_1_75' title='bbox 908 1829 1244 1914; x_wconf 88' lang='lat' dir='ltr'>perhibere</span> <span class='ocrx_word' id='word_1_76' title='bbox 1274 1832 1470 1897; x_wconf 75' lang='lat' dir='ltr'>natus</span> <span class='ocrx_word' id='word_1_77' title='bbox 1500 1853 1637 1896; x_wconf 89' lang='lat' dir='ltr'>esse</span> <span class='ocrx_word' id='word_1_78' title='bbox 1667 1830 1734 1896; x_wconf 90' lang='lat' dir='ltr'>in</span> <span class='ocrx_word' id='word_1_79' title='bbox 1763 1830 1999 1910; x_wconf 77' lang='lat' dir='ltr'>Sicilia,</span> 
     </span>
    </p>

    <p class='ocr_par' dir='ltr' id='par_1_9' title="bbox 388 1925 2220 2031">
     <span class='ocr_line' id='line_1_15' title="bbox 388 1925 2220 2031; baseline -0.001 -16"><span class='ocrx_word' id='word_1_80' title='bbox 388 1925 515 2015; x_wconf 71' lang='lat' dir='ltr'>Vbi</span> <span class='ocrx_word' id='word_1_81' title='bbox 545 1971 655 2015; x_wconf 86' lang='lat' dir='ltr'>rex</span> <span class='ocrx_word' id='word_1_82' title='bbox 682 1947 1074 2031; x_wconf 87' lang='lat' dir='ltr'>Agathocles</span> <span class='ocrx_word' id='word_1_83' title='bbox 1104 1956 1408 2031; x_wconf 89' lang='lat' dir='ltr'>regnator</span> <span class='ocrx_word' id='word_1_84' title='bbox 1435 1946 1584 2026; x_wconf 84' lang='lat' dir='ltr'>fuit,</span> <span class='ocrx_word' id='word_1_85' title='bbox 1616 1956 1686 2013; x_wconf 90' lang='lat' dir='ltr'>et</span> <span class='ocrx_word' id='word_1_86' title='bbox 1714 1946 1951 2014; x_wconf 90' lang='lat' dir='ltr'>iterum</span> <span class='ocrx_word' id='word_1_87' title='bbox 1981 1945 2220 2027; x_wconf 86' lang='lat' dir='ltr'>Pintia,</span> 
     </span>
    </p>

    <p class='ocr_par' dir='ltr' id='par_1_10' title="bbox 387 2063 2503 2147">
     <span class='ocr_line' id='line_1_16' title="bbox 387 2063 2503 2147; baseline 0.001 -16"><span class='ocrx_word' id='word_1_88' title='bbox 387 2064 687 2132; x_wconf 90' lang='lat' dir='ltr'>Tertium</span> <span class='ocrx_word' id='word_1_89' title='bbox 710 2064 970 2147; x_wconf 83' lang='lat' dir='ltr'>Lipare,</span> <span class='ocrx_word' id='word_1_90' title='bbox 997 2064 1110 2147; x_wconf 93' lang='lat' dir='ltr'>qui</span> <span class='ocrx_word' id='word_1_91' title='bbox 1135 2064 1203 2129; x_wconf 93' lang='lat' dir='ltr'>in</span> <span class='ocrx_word' id='word_1_92' title='bbox 1225 2074 1436 2130; x_wconf 91' lang='lat' dir='ltr'>morte</span> <span class='ocrx_word' id='word_1_93' title='bbox 1461 2066 1730 2147; x_wconf 87' lang='lat' dir='ltr'>regnum</span> <span class='ocrx_word' id='word_1_94' title='bbox 1756 2063 2025 2131; x_wconf 91' lang='lat' dir='ltr'>Hieroni</span> <span class='ocrx_word' id='word_1_95' title='bbox 2049 2064 2359 2145; x_wconf 83' lang='lat' dir='ltr'>tradidit,</span> <span class='ocrx_word' id='word_1_96' title='bbox 2411 2088 2503 2134; x_wconf 89' lang='lat'>410</span> 
     </span>
    </p>

    <p class='ocr_par' dir='ltr' id='par_1_11' title="bbox 388 2179 2501 2379">
     <span class='ocr_line' id='line_1_17' title="bbox 388 2179 2501 2264; baseline 0 -16"><span class='ocrx_word' id='word_1_97' title='bbox 388 2183 585 2248; x_wconf 87' lang='lat' dir='ltr'>Nunc</span> <span class='ocrx_word' id='word_1_98' title='bbox 649 2180 961 2247; x_wconf 85' lang='lat' dir='ltr'>Hierost?</span> <span class='ocrx_word' id='word_1_99' title='bbox 1058 2193 1231 2246; x_wconf 81' lang='lat' dir='ltr'>Men.</span> <span class='ocrx_word' id='word_1_100' title='bbox 1294 2179 1493 2246; x_wconf 91' lang='lat' dir='ltr'>Haud</span> <span class='ocrx_word' id='word_1_101' title='bbox 1560 2180 1745 2258; x_wconf 85' lang='lat' dir='ltr'>falsa,</span> <span class='ocrx_word' id='word_1_102' title='bbox 1813 2180 2062 2259; x_wconf 91' lang='lat' dir='ltr'>mulier,</span> <span class='ocrx_word' id='word_1_103' title='bbox 2131 2182 2501 2264; x_wconf 73' lang='lat' dir='ltr'>praedicas.</span> 
     </span>
     <span class='ocr_line' id='line_1_18' title="bbox 725 2295 1419 2379; baseline -0.003 -16"><span class='ocrx_word' id='word_1_104' title='bbox 725 2309 884 2363; x_wconf 78' lang='lat' dir='ltr'>Mes.</span> <span class='ocrx_word' id='word_1_105' title='bbox 946 2297 1072 2362; x_wconf 93' lang='lat' dir='ltr'>Pro</span> <span class='ocrx_word' id='word_1_106' title='bbox 1102 2295 1419 2379; x_wconf 89' lang='lat' dir='ltr'>Iuppiter,</span> 
     </span>
    </p>

    <p class='ocr_par' dir='ltr' id='par_1_12' title="bbox 388 2411 2426 2495">
     <span class='ocr_line' id='line_1_19' title="bbox 388 2411 2426 2495; baseline 0.001 -15"><span class='ocrx_word' id='word_1_107' title='bbox 388 2414 571 2480; x_wconf 92' lang='lat' dir='ltr'>Num</span> <span class='ocrx_word' id='word_1_108' title='bbox 601 2413 803 2479; x_wconf 88' lang='lat' dir='ltr'>istaec</span> <span class='ocrx_word' id='word_1_109' title='bbox 831 2412 1062 2479; x_wconf 91' lang='lat' dir='ltr'>mulier</span> <span class='ocrx_word' id='word_1_110' title='bbox 1089 2412 1266 2478; x_wconf 92' lang='lat' dir='ltr'>illinc</span> <span class='ocrx_word' id='word_1_111' title='bbox 1295 2411 1497 2490; x_wconf 91' lang='lat' dir='ltr'>uenit,</span> <span class='ocrx_word' id='word_1_112' title='bbox 1530 2413 1699 2495; x_wconf 89' lang='lat' dir='ltr'>quae</span> <span class='ocrx_word' id='word_1_113' title='bbox 1728 2422 1796 2478; x_wconf 89' lang='lat' dir='ltr'>te</span> <span class='ocrx_word' id='word_1_114' title='bbox 1826 2412 2013 2478; x_wconf 91' lang='lat' dir='ltr'>nouit</span> <span class='ocrx_word' id='word_1_115' title='bbox 2042 2414 2181 2479; x_wconf 75' lang='lat' dir='ltr'>tam</span> <span class='ocrx_word' id='word_1_116' title='bbox 2211 2422 2373 2481; x_wconf 86' lang='lat' dir='ltr'>cate</span> <span class='ocrx_word' id='word_1_117' title='bbox 2394 2418 2426 2482; x_wconf 84' lang='lat'><strong>?</strong></span> 
     </span>
    </p>

    <p class='ocr_par' dir='ltr' id='par_1_13' title="bbox 398 2527 2503 2612">
     <span class='ocr_line' id='line_1_20' title="bbox 398 2527 2503 2612; baseline 0.001 -17"><span class='ocrx_word' id='word_1_118' title='bbox 398 2542 570 2596; x_wconf 81' lang='lat' dir='ltr'>Men.</span> <span class='ocrx_word' id='word_1_119' title='bbox 631 2528 866 2595; x_wconf 89' lang='lat' dir='ltr'>Hercle</span> <span class='ocrx_word' id='word_1_120' title='bbox 919 2528 1149 2612; x_wconf 91' lang='lat' dir='ltr'>opinor</span> <span class='ocrx_word' id='word_1_121' title='bbox 1201 2527 1537 2611; x_wconf 74' lang='lat' dir='ltr'>pernegari</span> <span class='ocrx_word' id='word_1_122' title='bbox 1591 2529 1724 2594; x_wconf 82' lang='lat' dir='ltr'>nen</span> <span class='ocrx_word' id='word_1_123' title='bbox 1775 2538 2015 2611; x_wconf 90' lang='lat' dir='ltr'>potest.</span> <span class='ocrx_word' id='word_1_124' title='bbox 2165 2541 2330 2597; x_wconf 75' lang='lat' dir='ltr'>Mos.</span> <span class='ocrx_word' id='word_1_125' title='bbox 2405 2532 2503 2598; x_wconf 88' lang='lat' dir='ltr'>Ne</span> 
     </span>
    </p>
   </div>
   <div class='ocr_carea' id='block_1_5' title="bbox 387 2644 2504 2966">
    <p class='ocr_par' dir='ltr' id='par_1_14' title="bbox 387 2644 2504 2966">
     <span class='ocr_line' id='line_1_21' title="bbox 713 2644 958 2712; baseline -0.004 0"><span class='ocrx_word' id='word_1_126' title='bbox 713 2644 958 2712; x_wconf 83' lang='lat' dir='ltr'>feceris.</span> 
     </span>
     <span class='ocr_line' id='line_1_22' title="bbox 387 2760 2504 2851; baseline 0.001 -22"><span class='ocrx_word' id='word_1_127' title='bbox 387 2761 664 2840; x_wconf 88' lang='lat' dir='ltr'>Periisti,</span> <span class='ocrx_word' id='word_1_128' title='bbox 729 2760 782 2827; x_wconf 92' lang='lat' dir='ltr'>si</span> <span class='ocrx_word' id='word_1_129' title='bbox 840 2760 1134 2828; x_wconf 73' lang='lat' dir='ltr'>intrassis</span> <span class='ocrx_word' id='word_1_130' title='bbox 1188 2760 1367 2827; x_wconf 70' lang='lat' dir='ltr'>‘intra</span> <span class='ocrx_word' id='word_1_131' title='bbox 1427 2761 1644 2827; x_wconf 90' lang='lat' dir='ltr'>limen.</span> <span class='ocrx_word' id='word_1_132' title='bbox 1744 2773 1916 2851; x_wconf 64' lang='lat' dir='ltr'>Men.</span> <span class='ocrx_word' id='word_1_133' title='bbox 1978 2761 2149 2841; x_wconf 79' lang='lat' dir='ltr'>Quin</span> <span class='ocrx_word' id='word_1_134' title='bbox 2208 2769 2287 2828; x_wconf 86' lang='lat' dir='ltr'>tu</span> <span class='ocrx_word' id='word_1_135' title='bbox 2353 2765 2504 2831; x_wconf 71' lang='lat' dir='ltr'>tace</span> 
     </span>
     <span class='ocr_line' id='line_1_23' title="bbox 712 2877 2504 2966; baseline 0.001 -23"><span class='ocrx_word' id='word_1_136' title='bbox 712 2877 946 2966; x_wconf 73' lang='lat' dir='ltr'>mod03</span> <span class='ocrx_word' id='word_1_137' title='bbox 2407 2901 2504 2947; x_wconf 84' lang='lat'>415</span> 
     </span>
    </p>
   </div>
   <div class='ocr_carea' id='block_1_6' title="bbox 386 2975 2512 3546">
    <p class='ocr_par' dir='ltr' id='par_1_15' title="bbox 387 2975 2343 3078">
     <span class='ocr_line' id='line_1_24' title="bbox 387 2975 2343 3078; baseline -0.003 -15"><span class='ocrx_word' id='word_1_138' title='bbox 387 2996 565 3063; x_wconf 90' lang='lat' dir='ltr'>Bene</span> <span class='ocrx_word' id='word_1_139' title='bbox 593 3018 693 3061; x_wconf 91' lang='lat' dir='ltr'>res</span> <span class='ocrx_word' id='word_1_140' title='bbox 721 2993 984 3077; x_wconf 89' lang='lat' dir='ltr'>geritur.</span> <span class='ocrx_word' id='word_1_141' title='bbox 1071 2975 1507 3073; x_wconf 58' lang='lat' dir='ltr'>Adsentabon</span> <span class='ocrx_word' id='word_1_142' title='bbox 1537 2993 1810 3078; x_wconf 91' lang='lat' dir='ltr'>quiquid</span> <span class='ocrx_word' id='word_1_143' title='bbox 1839 2993 2034 3072; x_wconf 89' lang='lat' dir='ltr'>dicet,</span> <span class='ocrx_word' id='word_1_144' title='bbox 2066 2975 2343 3072; x_wconf 88' lang='lat' dir='ltr'>mulieri,</span> 
     </span>
    </p>

    <p class='ocr_par' dir='ltr' id='par_1_16' title="bbox 386 3109 2512 3546">
     <span class='ocr_line' id='line_1_25' title="bbox 387 3109 2470 3196; baseline -0.001 -17"><span class='ocrx_word' id='word_1_145' title='bbox 387 3112 456 3179; x_wconf 88' lang='lat' dir='ltr'>Si</span> <span class='ocrx_word' id='word_1_146' title='bbox 484 3135 748 3196; x_wconf 90' lang='lat' dir='ltr'>possum</span> <span class='ocrx_word' id='word_1_147' title='bbox 777 3109 1136 3193; x_wconf 73' lang='lat' dir='ltr'>hospitium</span> <span class='ocrx_word' id='word_1_148' title='bbox 1165 3109 1468 3176; x_wconf 91' lang='lat' dir='ltr'>nancisci.</span> <span class='ocrx_word' id='word_1_149' title='bbox 1558 3110 1701 3177; x_wconf 75' lang='lat' dir='ltr'>Iam</span> <span class='ocrx_word' id='word_1_150' title='bbox 1729 3110 2002 3188; x_wconf 89' lang='lat' dir='ltr'>dudum,</span> <span class='ocrx_word' id='word_1_151' title='bbox 2046 3109 2295 3187; x_wconf 89' lang='lat' dir='ltr'>mulier,</span> <span class='ocrx_word' id='word_1_152' title='bbox 2330 3111 2470 3178; x_wconf 91' lang='lat' dir='ltr'>tibi</span> 
     </span>
     <span class='ocr_line' id='line_1_26' title="bbox 387 3226 2353 3311; baseline -0.001 -17"><span class='ocrx_word' id='word_1_153' title='bbox 387 3229 542 3295; x_wconf 88' lang='lat' dir='ltr'>N6n</span> <span class='ocrx_word' id='word_1_154' title='bbox 570 3227 944 3311; x_wconf 91' lang='lat' dir='ltr'>imprudens</span> <span class='ocrx_word' id='word_1_155' title='bbox 974 3226 1407 3293; x_wconf 75' lang='lat' dir='ltr'>aduorsabar:</span> <span class='ocrx_word' id='word_1_156' title='bbox 1450 3226 1624 3293; x_wconf 88' lang='lat' dir='ltr'>hunc</span> <span class='ocrx_word' id='word_1_157' title='bbox 1652 3227 2026 3293; x_wconf 85' lang='lat' dir='ltr'>metuebam</span> <span class='ocrx_word' id='word_1_158' title='bbox 2056 3228 2138 3292; x_wconf 91' lang='lat' dir='ltr'>ne</span> <span class='ocrx_word' id='word_1_159' title='bbox 2164 3248 2353 3292; x_wconf 86' lang='lat' dir='ltr'>meae</span> 
     </span>
     <span class='ocr_line' id='line_1_27' title="bbox 386 3323 2505 3426; baseline 0 -16"><span class='ocrx_word' id='word_1_160' title='bbox 386 3323 584 3410; x_wconf 70' lang='lat' dir='ltr'>onri</span> <span class='ocrx_word' id='word_1_161' title='bbox 613 3342 1021 3411; x_wconf 79' lang='lat' dir='ltr'>renuntiaret</span> <span class='ocrx_word' id='word_1_162' title='bbox 1048 3343 1130 3409; x_wconf 92' lang='lat' dir='ltr'>de</span> <span class='ocrx_word' id='word_1_163' title='bbox 1159 3343 1332 3426; x_wconf 90' lang='lat' dir='ltr'>palla</span> <span class='ocrx_word' id='word_1_164' title='bbox 1362 3353 1430 3409; x_wconf 90' lang='lat' dir='ltr'>et</span> <span class='ocrx_word' id='word_1_165' title='bbox 1458 3343 1540 3409; x_wconf 93' lang='lat' dir='ltr'>de</span> <span class='ocrx_word' id='word_1_166' title='bbox 1569 3342 1862 3426; x_wconf 73' lang='lat' dir='ltr'>prendio.</span> <span class='ocrx_word' id='word_1_167' title='bbox 2401 3365 2505 3411; x_wconf 83' lang='lat'>420</span> 
     </span>
     <span class='ocr_line' id='line_1_28' title="bbox 389 3439 2512 3546; baseline -0 -20"><span class='ocrx_word' id='word_1_168' title='bbox 389 3461 584 3526; x_wconf 92' lang='lat' dir='ltr'>Nunc</span> <span class='ocrx_word' id='word_1_169' title='bbox 627 3458 891 3542; x_wconf 88' lang='lat' dir='ltr'>quando</span> <span class='ocrx_word' id='word_1_170' title='bbox 936 3458 1054 3536; x_wconf 83' lang='lat' dir='ltr'>uiS,</span> <span class='ocrx_word' id='word_1_171' title='bbox 1100 3460 1324 3524; x_wconf 68' lang='lat' dir='ltr'>eumus</span> <span class='ocrx_word' id='word_1_172' title='bbox 1367 3458 1559 3526; x_wconf 90' lang='lat' dir='ltr'>intro.</span> <span class='ocrx_word' id='word_1_173' title='bbox 1654 3470 1793 3527; x_wconf 76' lang='lat' dir='ltr'>Ero.</span> <span class='ocrx_word' id='word_1_174' title='bbox 1865 3439 2089 3525; x_wconf 72' lang='lat' dir='ltr'>Etiam</span> <span class='ocrx_word' id='word_1_175' title='bbox 2131 3458 2512 3546; x_wconf 71' lang='lat' dir='ltr'>parasitum</span> 
     </span>
    </p>
   </div>
   <div class='ocr_carea' id='block_1_7' title="bbox 714 3576 983 3646">
    <p class='ocr_par' dir='ltr' id='par_1_17' title="bbox 714 3576 983 3646">
     <span class='ocr_line' id='line_1_29' title="bbox 714 3576 983 3646; baseline -0.004 -1"><span class='ocrx_word' id='word_1_176' title='bbox 714 3597 938 3646; x_wconf 83' lang='lat' dir='ltr'>manes</span> <span class='ocrx_word' id='word_1_177' title='bbox 955 3576 983 3644; x_wconf 66' lang='grc' dir='ltr'>*ἓ</span> 
     </span>
    </p>
   </div>
  </div>
 </body>
</html>
