2585 4020
392 197 483 267 48
1301 209 1596 264 PLAVTI
2159 211 2388 276 [Am-vs
2435 213 2506 266 11.

394 368 518 453 Est
549 386 654 454 hic
685 386 929 471 praeda
959 385 1166 453 n6bis.
1266 398 1429 455 Mes.
1492 385 1681 453 Perii.
1769 386 1998 454 Iamne
2029 386 2218 454 abis?
2303 389 2508 455 Periit

723 502 961 588 probe:

396 619 601 687 Ducit
629 619 918 686 lembum
949 620 1080 686 iam
1108 619 1469 717 diereetum
1500 619 1687 686 nauis
1716 620 2148 703 praedatoria.

396 736 523 803 Sed
552 759 670 819 ego
701 735 971 802 inscitus
1000 738 1144 803 sum
1174 736 1288 819 qui
1318 759 1429 802 ero
1457 760 1561 802 me
1590 736 1916 819 postulem
1946 737 2383 804 moderarier:

397 853 597 918 Dicto
627 876 733 918 me
761 851 922 919 emit
950 852 1346 930 audientem,
1379 852 1556 919 haud
1585 854 2047 936 imperatorem
2079 853 2221 920 sibi.

397 967 775 1053 Sequimini,
846 976 942 1046 ut,
1013 968 1189 1053 quod
1259 969 1739 1052 imperatumst,
1812 968 2074 1036 ueniam
2154 969 2507 1038 aduorsum

724 1083 1023 1168 temperi.
1104 1105 1111 1114 ·
2418 1108 2507 1154 445

1182 1462 1536 1575 SCAENA
1593 1509 1707 1576 1v.

1222 1743 1229 1747 ·
1249 1716 1661 1782 PENlcvnvs.

401 1899 555 1966 Plus
584 1898 854 1981 triginta
884 1899 1080 1965 natus
1109 1897 1297 1965 annis
1327 1900 1444 1981 ego
1475 1922 1640 1976 sum,
1672 1922 1874 1981 quom
1904 1898 2151 1966 interea
2181 1900 2309 1967 loci

400 2018 783 2101 Numquam
813 2016 1165 2101 quiequam
1195 2015 1447 2082 facinus
1479 2015 1602 2081 feci
1633 2015 1815 2099 peius
1846 2014 2056 2099 neque
2085 2016 2449 2098 scelestiuS,

400 2133 614 2213 Quam
666 2132 878 2212 hodie,
934 2156 1136 2217 quom
1190 2132 1259 2198 in
1313 2131 1683 2198 contionem
1738 2132 2022 2199 mediam
2077 2157 2181 2199 me
2249 2134 2506 2202 inmersi

729 2249 956 2315 miser:

398 2344 527 2433 Vbi
555 2389 673 2449 ego
702 2366 860 2432 dum
888 2365 1087 2444 hieto,
1120 2364 1596 2431 Menaechmus
1627 2367 1694 2431 se
1723 2365 2137 2432 subterduxit
2166 2366 2335 2434 mihi

398 2464 618 2567 Atque
639 2481 802 2548 abiit
822 2482 906 2548 ad
937 2483 1235 2559 amicam,
1269 2481 1481 2558 cred0,
1514 2483 1724 2565 neque
1753 2505 1857 2547 me
1886 2482 2096 2549 uoluit
2125 2483 2396 2551 ducere.
2420 2505 2503 2551 450

401 2599 528 2679 Qui
579 2598 759 2664 illum
810 2599 879 2665 di
930 2622 1154 2665 omnes
1205 2597 1534 2681 perduint,
1589 2597 1703 2681 qui
1754 2599 2001 2681 primus
2066 2604 2504 2669 commentust

731 2715 899 2780 male

401 2830 793 2898 Contionem
823 2831 1080 2908 habere,
1114 2853 1283 2913 quae
1314 2828 1606 2896 homines
1636 2831 1989 2914 occupatos
2018 2833 2322 2915 occupat.

402 2947 468 3013 N
472 2948 557 3012 6n
586 2946 671 3012 ad
701 2970 846 3013 eam
877 2970 1011 3013 rem
1040 2946 1253 3012 hercle
1282 2946 1525 3012 otiosos
1554 2946 1848 3014 homines
1876 2948 2097 3015 decuit
2126 2948 2365 3032 delegi,

402 3062 530 3142 Qui
559 3062 680 3128 nisi
710 3062 930 3129 adsint
958 3064 1159 3146 qu6m
1190 3062 1494 3140 eitentur,
1528 3064 1755 3129 census
1786 3062 2052 3146 capiant
2080 3063 2274 3130 ilico?

402 3157 765 3245 Adfatimst
792 3178 1152 3256 hominum,
1184 3181 1253 3244 in
1281 3178 1420 3244 dies
1450 3178 1562 3262 qui
1593 3180 1876 3262 singulas
1906 3181 2085 3246 escas
2115 3179 2320 3262 edint,
2433 3202 2507 3252 455

405 3295 656 3375 Quibus
691 3295 909 3380 negoti
944 3295 1102 3361 nihil
1137 3304 1258 3373 est,
1296 3294 1409 3379 qui
1443 3318 1656 3388 essum
1692 3298 1901 3381 neque
1936 3306 2258 3363 uocantur
2306 3302 2507 3387 neque

733 3422 1011 3478 uocant:

405 3509 539 3595 Eos
569 3537 830 3610 oportet
860 3525 1150 3593 contioni
1177 3526 1336 3592 dare
1365 3549 1629 3609 operam
1659 3537 1860 3611 atque
1890 3528 2192 3595 comitiis,
