2585 4020
402 264 491 331 24
1308 275 1600 330 PLAVTI
2197 276 2419 340 [Acrvs
2463 276 2511 331 Ι.

410 464 584 518 Men.
644 450 905 518 Sustine
950 451 1094 531 hoc,
1140 451 1481 518 Penicule:
1569 449 1836 518 exuuias
1879 450 2093 519 facere
2137 474 2304 536 quas
2348 454 2512 519 uoui

731 567 902 634 uolo,

404 697 557 751 Pon.
618 685 820 763 cedo,
851 684 963 751 sed
993 683 1258 751 obsecro
1286 683 1519 762 hercle,
1551 684 1720 750 salta
1749 685 1839 749 sic
1868 706 2017 750 cum
2047 683 2221 768 palla
2250 685 2508 767 postea.
2550 738 2551 791 l

411 813 583 867 Men.
641 782 784 885 Ego
821 800 1121 868 saltabo?
1195 802 1392 867 sanus
1428 800 1638 866 hercle
1676 801 1806 866 n6n
1843 823 1930 866 es.
2060 811 2209 866 Pon.
2283 799 2513 883 Egone

727 940 813 983 an
841 918 919 984 tir
948 915 1199 1000 magis?

399 1034 469 1101 Si
505 1056 636 1099 non
672 1032 893 1112 saltaS,
933 1035 1093 1099 exue
1129 1031 1348 1116 igitur.
1483 1044 1656 1098 Men.
1717 1029 1943 1098 Nimio
1979 1054 2099 1115 ego
2135 1030 2305 1097 hanc
2338 1029 2513 1115 peri-

729 1149 875 1216 culo
2408 1156 2522 1214 200⁴

398 1265 716 1349 Surrupui
754 1264 966 1332 hodie.
1052 1264 1215 1331 Meo
1254 1263 1522 1348 quidem
1561 1262 1782 1330 animo
1821 1262 1906 1329 ab
1948 1262 2319 1347 Hippolyta
2359 1263 2512 1330 sub-

727 1381 1058 1465 cingulum

399 1496 711 1564 Hercules
741 1497 919 1564 haud
951 1499 1157 1581 aeque
1188 1520 1426 1580 magno
1459 1519 1776 1581 umquam
1807 1488 2083 1562 ‘abstulit
2114 1495 2429 1578 pericu10.

400 1616 582 1698 Cape
607 1613 729 1681 tibi
755 1614 961 1680 hanc:
1010 1614 1276 1697 quando
1303 1616 1435 1681 sina
1461 1613 1631 1679 uiuis
1658 1612 1819 1679 meis
1845 1611 2165 1695 morigera
2190 1611 2508 1679 moribus,

404 1743 546 1797 Ero.
642 1730 788 1797 Hoc
818 1729 1036 1796 animo
1065 1729 1253 1796 decet
1283 1729 1609 1796 animatos
1639 1730 1775 1795 esse
1806 1729 2132 1795 amatores
2162 1727 2430 1811 probos,

405 1859 554 1913 Pon.
643 1846 771 1926 Qui
811 1845 1077 1930 quidem
1118 1846 1204 1912 ad
1244 1845 1739 1911 mendicitatem
1783 1846 1851 1911 se
1891 1852 2244 1928 properent
2284 1842 2510 1911 detru-

724 1963 896 2031 dere.
2412 1981 2509 2028 205

408 2093 585 2148 Men.
651 2081 983 2161 Quattuor
1029 2079 1224 2146 minis
1271 2101 1391 2161 ego
1439 2078 1649 2146 istanc
1684 2079 1856 2144 anno
1888 2077 2016 2143 emi
2049 2079 2233 2144 uxori
2263 2100 2479 2144 meae.

404 2210 554 2263 Pon.
643 2197 974 2275 Quattuor
1000 2195 1215 2262 minae
1245 2194 1578 2278 perierunt
1605 2194 1818 2278 plane,
1850 2203 1926 2260 ut
1956 2193 2125 2260 ratio
2154 2191 2481 2260 redditur.

410 2327 586 2381 Men.
647 2313 799 2380 Scin
859 2311 1015 2395 quid
1078 2310 1229 2378 uolo
1290 2334 1409 2393 ego
1469 2320 1537 2376 te
1598 2312 1946 2377 accurare?
2096 2321 2237 2375 Ero.
2299 2308 2508 2388 Cedo,

725 2427 967 2495 curabo
996 2429 1165 2511 quae
1195 2426 1394 2493 uoles».
1904 2507 1910 2514 ν

408 2559 580 2613 Men.
628 2545 792 2612 Ifibe
814 2544 1011 2627 igitur
1032 2543 1242 2610 tribus
1266 2542 1454 2609 nobis
1478 2542 1654 2626 apud
1677 2551 1744 2608 te
1766 2540 2116 2626 prandium
2138 2542 2507 2609 accurarier

396 2644 617 2746 Atque
647 2660 892 2745 aliquid
924 2660 1460 2726 scitamentorum
1489 2658 1572 2725 de
1601 2657 1741 2724 foro
1771 2656 2180 2724 obsonarier:
2412 2680 2511 2725 210

398 2777 906 2846 Glandionidam
938 2775 1198 2843 suillum
1226 2784 1346 2841 aut
1376 2774 1654 2841 laridum
1685 2774 2112 2858 pern6nidam

397 2896 535 2963 Afit
564 2895 1114 2978 sinciputamenta
1144 2891 1411 2976 porcina
1440 2893 1558 2957 afit
1588 2890 1835 2974 aliquid
1864 2891 1949 2957 ad
1980 2892 2129 2957 esim
2159 2891 2466 2972 modum,
2530 2923 2535 2928 ·

398 3011 678 3078 Madida
708 3034 876 3094 quae
906 3009 995 3076 mi
1027 3008 1332 3092 adposita
1363 3008 1430 3073 in
1460 3030 1684 3073 mensa
1713 3007 2054 3078 miluinam
2086 3009 2471 3090 suggerant.

398 3110 618 3212 Atque
656 3136 977 3193 actutum.
1110 3137 1249 3190 Ero.
1311 3124 1496 3190 Licet
1534 3133 1804 3190 ecastor.
1940 3135 2113 3189 Men.
2174 3123 2315 3188 Nos
2353 3146 2511 3207 pro-

725 3243 939 3310 dimus
970 3242 1056 3309 ad
1084 3241 1338 3307 forum:

401 3361 544 3427 Iam
557 3360 662 3427 hic
675 3383 792 3426 nos
805 3359 1062 3425 erimus,
1138 3358 1322 3423 Dfim
1344 3365 1679 3439 coquetur,
1695 3356 1958 3422 interim
1980 3354 2379 3439 potabimusi
2413 3380 2513 3426 215

408 3488 548 3546 Ero.
644 3474 924 3556 Quando
949 3474 1069 3553 uiS,
1098 3475 1284 3539 ueni:
1335 3481 1568 3556 parata
1593 3473 1692 3538 res
1718 3471 1859 3538 erit.
1982 3484 2154 3538 Men.
2217 3473 2516 3555 Propera

725 3591 943 3661 modo,
