2585 4020
403 232 538 300 108
1311 245 1603 301 PLAVTI
2179 246 2390 310 [Acwvs
2423 246 2480 300 v.

400 420 696 505 Propest‚
727 422 993 505 quando
1020 421 1181 489 haee
1207 445 1355 489 mea
1381 424 1565 489 meus
1592 445 1738 489 erus
1766 422 1852 488 ob
1880 421 2059 488 facta
2087 421 2367 505 pretium
2390 445 2482 488 ex-

730 536 960 604 seluet.

393 654 761 737 ‘Postquam
782 656 851 720 in
872 653 1216 720 tabernam
1230 653 1391 719 uesa
1404 662 1472 719 et
1493 676 1711 720 seruos
1732 654 2086 734 eenlocaui‚
2110 664 2188 721 ut
2209 654 2478 733 iusserat,

400 769 509 836 Ita
530 770 721 836 uenio
743 769 1115 837 aduorsum.
1140 770 1337 836 Nune
1357 769 1512 836 foris
1533 769 1827 853 pultebO,
1851 769 2076 837 adesse
2095 779 2174 836 ut
2194 772 2300 836 me
2318 770 2477 848 sciat,

398 868 619 970 Atque
640 910 790 953 eum
812 910 890 953 ex
908 885 1032 953 hoc
1053 886 1227 953 seltu
1246 885 1470 952 damni
1494 884 1743 953 seluom
1765 896 1842 953 ut
1862 886 2137 953 educam
2157 885 2349 964 foras,
2392 905 2480 952 990

398 1001 527 1070 Sed
556 1012 781 1070 metuo
811 1027 893 1070 ne
923 1004 1063 1069 sero
1093 1002 1353 1069 ueniam
1384 1001 1760 1086 depugnato
1789 1001 2052 1086 proelio.

1156 1638 1161 1644 1
1198 1534 1492 1602 SCAEN
1493 1535 1552 1601 A
1606 1534 1686 1601 V.

540 1743 798 1810 SENEx.
886 1742 1388 1810 MENAEchvs
1430 1742 1486 1809 Ι.
1573 1743 1887 1809 LoRARn.
1975 1741 2364 1810 MESSENIO.

406 1938 547 1993 Son.
641 1926 765 1993 Per
789 1949 906 2009 ego
932 1925 1118 1992 uobis
1141 1926 1299 1991 deos
1323 1935 1526 2009 atque
1548 1924 1842 1992 homines
1864 1925 2032 2004 dieo,
2059 1894 2137 1992 ut
2161 1923 2481 2008 imperium

726 2066 945 2109 meum
1616 2052 1620 2056 “

395 2159 737 2242 Sepienter
772 2158 1071 2225 habeatis
1109 2182 1321 2237 curae,
1361 2160 1530 2242 quae
1566 2158 1880 2242 imperaui
1917 2169 2118 2243 atque
2151 2161 2412 2242 impero.
2520 2191 2536 2207 ι

395 2275 620 2341 Facite
637 2274 779 2341 ‘illic
812 2274 1009 2340 homo
1045 2274 1174 2340 iam
1209 2277 1278 2339 in
1313 2274 1703 2340 medicinam
1736 2274 1997 2341 abletus
2030 2275 2351 2341 sublimen
2381 2273 2483 2339 siet

395 2391 540 2458 Nisi
566 2390 829 2474 quidem
857 2413 974 2456 uos
1000 2391 1224 2456 uestra
1253 2414 1441 2456 crura
1466 2401 1583 2457 aut
1608 2391 1814 2458 letera
1840 2391 2022 2457 nihili
2046 2391 2350 2475 penditis
2401 2407 2483 2455 995

396 2508 578 2574 Ceue
600 2507 970 2591 quisquam,
995 2507 1173 2589 quod
1198 2505 1325 2572 illic
1347 2506 1707 2586 minitetur,
1734 2509 2029 2573 u6strum
2052 2507 2236 2573 flocci
2258 2504 2480 2573 fecerit.

395 2623 566 2703 Quid
583 2604 773 2689 statis
792 2625 819 2688 ?
845 2622 1002 2707 quid
1019 2621 1343 2689 dubitetis
1363 2625 1390 2688 ἱ)
1418 2623 1561 2689 Iam
1577 2623 1896 2691 sublimen
1910 2633 2175 2706 raptum
2188 2620 2482 2707 opertuit.

394 2740 535 2822 Ego
555 2739 665 2805 ibo
689 2739 772 2805 ad
795 2739 1122 2806 medicum
1149 2764 1162 2805 ε
1205 2742 1467 2824 praesto
1492 2765 1600 2808 ero
1624 2741 1733 2820 illi,
1758 2742 1957 2825 quem
1981 2739 2275 2807 uenietiS.
2326 2749 2482 2804 Men.

721 2838 964 2923 Occidi.

394 2971 567 3052 Quid
599 2972 722 3038 hoe
754 2974 854 3038 est
888 2971 1153 3055 negoti?
1216 2972 1375 3056 quid
1410 2972 1607 3041 illisce
1638 2973 1930 3041 homines
1961 2973 2045 3039 ad
2076 2997 2182 3039 me
2214 2955 2484 3042 currunt,

723 3091 989 3173 epsecro
1010 3094 1038 3157 ⁸?

395 3203 569 3285 Quid
603 3205 800 3275 ueltis
838 3210 1001 3274 uos?
1088 3207 1246 3291 quid
1282 3207 1715 3292 quaeritatis?
1759 3208 1918 3292 quid
1953 3231 2059 3273 me
2093 3198 2489 3272 circumsisti-

722 3321 809 3390 tis
827 3326 855 3388 ⁸?
1727 3338 1731 3345 ⁴
2369 3334 2490 3385 1000

397 3438 542 3517 Quo
568 3437 796 3522 repitis
824 3442 975 3506 me?
1019 3463 1150 3522 quo
1176 3439 1360 3506 fertis
1385 3443 1534 3507 me?
1628 3440 1815 3506 Perii.
1902 3422 2189 3526 Opsecro
2214 3435 2489 3506 uostrem

725 3555 945 3641 fidem,

777 3698 814 3726 Β.
