2585 4020
418 249 506 321 78
1324 267 1616 322 PLAV'rI
2157 267 2373 332 [Acrrvs
2410 266 2488 321 1v.

1105 604 1114 615 ⁸
1196 666 1538 745 Ac‘rvs
1609 668 1745 746 IV.

1228 875 1582 942 SCAENA
1639 877 1693 943 I.

910 1074 1413 1145 MENAEchvs
1457 1076 1548 1143 ΙΙ.
1607 1076 2017 1205 ’ψΤΒοΝὼ

424 1270 598 1325 Men.
658 1257 874 1324 Nimis
904 1258 1105 1325 stfilte
1133 1259 1386 1325 dudum
1416 1258 1559 1337 feci,
1592 1282 1792 1342 quom
1823 1259 2273 1344 marsuppium

412 1374 814 1441 Messenioni
844 1398 993 1441 cum
1024 1366 1294 1457 ergentc
1325 1375 1711 1441 concredidi.

415 1491 745 1558 Immersit
774 1490 994 1574 aliquo
1023 1493 1160 1557 sese
1190 1491 1382 1557 credo
1413 1491 1480 1557 in
1508 1492 1807 1575 geneum.

423 1621 586 1675 Mat.
657 1608 1017 1688 Prouisam,
1049 1631 1249 1693 quam
1279 1631 1433 1674 mox
1462 1610 1562 1674 uir
1591 1633 1777 1676 meus
1806 1609 2031 1676 redeat
2060 1610 2354 1678 domum.

412 1724 540 1791 Sed
570 1725 794 1791 eccum
825 1724 1052 1791 uideo:
1097 1724 1280 1791 salua
1311 1748 1476 1805 sum,
1508 1725 1750 1809 pallem
1780 1725 1996 1792 refert.
2417 1744 2495 1792 705

423 1854 596 1907 Men.
656 1841 980 1921 Demiror,
1013 1840 1127 1907 ubi
1155 1865 1332 1908 nunc
1361 1840 1654 1908 embulet
1682 1841 2033 1908 Messenio,

422 1970 586 2025 Mat.
655 1957 871 2026 Adibo
895 1967 1096 2042 atque
1119 1958 1450 2026 hominem
1475 1957 1791 2044 accipiam
1815 1957 2053 2042 quibus
2076 1957 2269 2026 dictis
2293 1966 2492 2026 meret.

411 2076 567 2142 Non
596 2077 665 2141 te
693 2076 900 2159 pudet
928 2076 1186 2159 prodire
1218 2076 1284 2141 in
1315 2078 1736 2160 conspectum
1765 2099 2006 2155 meum,

410 2192 765 2274 Flagitium
797 2191 1097 2270 hominiS‚
1132 2195 1281 2258 cfim
1316 2193 1480 2259 istoc
1511 2194 1794 2259 ernatfi?
1891 2205 2064 2259 Mon.
2125 2191 2301 2271 Quid
2336 2192 2467 2258 est?

409 2309 594 2387 Quae
621 2309 690 2375 te
716 2331 817 2374 res
845 2308 1075 2391 agitat,
1105 2309 1380 2374 mfilier?
1461 2321 1624 2375 Mat.
1686 2308 2015 2387 Etiamne,
2044 2308 2395 2392 inpudens,
2420 2325 2497 2373 710

409 2426 696 2492 Muttire
725 2425 999 2492 uerbum
1030 2449 1234 2491 unum
1264 2426 1466 2492 afides
1497 2435 1615 2491 aut
1643 2427 1898 2492 mecum
1929 2415 2153 2509 loqui?

421 2555 594 2609 Mon.
653 2541 828 2621 Quid
858 2541 1127 2608 tandem
1159 2542 1391 2608 admisi
1424 2542 1490 2607 in
1519 2566 1643 2620 me,
1676 2544 1752 2608 fit
1782 2541 1959 2625 loqui
1990 2565 2122 2607 non
2150 2542 2470 2609 audeam?

421 2672 585 2725 Mat.
655 2658 875 2741 Reges
903 2660 1053 2724 me?
1141 2682 1179 2723 ο
1208 2657 1490 2724 hominis
1517 2658 1945 2741 inpudentem
1977 2657 2347 2724 audeciam.

421 2788 594 2841 Men.
654 2775 811 2841 Non
839 2776 915 2840 tu
946 2774 1088 2853 sciS,
1120 2774 1372 2853 mulier,
1406 2774 1748 2840 Hecubam
1778 2775 2180 2858 quapropter
2208 2796 2439 2840 canem

410 2890 594 2958 Graii
623 2893 759 2957 esse
789 2891 1304 2975 praedicabant?
1401 2899 1565 2956 Mat.
1626 2892 1781 2956 Non
1810 2889 2112 2973 equidem
2144 2888 2296 2955 scio,
2428 2906 2501 2955 715

420 3020 593 3075 Men.
654 3008 824 3087 Quia
854 3008 1026 3074 idem
1056 3006 1341 3073 faciebat
1370 3006 1667 3085 Hecuba,
1698 3007 1877 3090 quod
1905 3015 1983 3073 tu
2015 3008 2189 3071 nunc
2217 3004 2406 3072 facis.

408 3124 648 3193 Omnie
677 3124 851 3190 mala
879 3124 1236 3207 ingerebat,
1269 3147 1665 3208 quemquem
1696 3125 2072 3207 aspexerat:

410 3243 648 3324 Itaque
679 3242 841 3308 adeo
873 3239 1008 3306 iure
1039 3241 1273 3323 coepta
1304 3239 1682 3323 appellarist
1713 3263 1922 3305 canes,

420 3370 584 3424 Mat.
656 3359 810 3423 Non
842 3359 958 3440 ego
990 3356 1191 3423 istaec
1219 3366 1339 3423 tua
1367 3356 1617 3440 flagitia
1647 3380 1913 3440 possum
1943 3353 2230 3439 perpeti:

409 3475 587 3541 Nam
616 3473 769 3540 med
798 3482 1086 3538 aetatem
1117 3473 1387 3539 uiduam
1417 3472 1524 3538 hic
1553 3496 1689 3539 esse
1719 3472 2049 3549 meuelim‚
2428 3485 2506 3538 720

410 3587 627 3666 Quam
656 3587 859 3654 istaec
886 3587 1136 3669 flagitia
1166 3589 1284 3653 tfia
1316 3587 1477 3687 pati,
1511 3610 1678 3669 quae
1708 3588 1785 3653 t1'1
1814 3585 1994 3652 facis,

1908 3903 1933 3966 'x
