2585 4020
404 278 496 347 40
1318 289 1611 345 PLAVTI
2171 290 2392 357 [Acmvs
2429 290 2506 344 11.

736 465 1117 543 Prandium,
1147 475 1226 533 ut
1256 465 1520 544 iussisti,
1553 465 1658 532 hic
1674 404 2057 533 'eflifftfflst
2072 413 2135 531 ik
2152 420 2205 471 e*

827 580 957 648 Vbi
986 580 1190 659 lubet,
1222 581 1400 648 ilicet
1428 581 1827 648 accubitum.

413 710 587 765 Men.
649 697 930 777 Quicum
988 697 1151 763 haec
1207 697 1440 764 mulier
1500 698 1836 781 loquitur?
1985 710 2128 764 Ero.
2190 697 2506 784 Equidem

731 814 971 880 tecum.
1069 825 1243 881 Men.
1305 813 1477 893 Quid
1508 816 1766 880 mecum
1797 813 1920 880 tibi

403 930 562 997 Ffiit
607 952 924 1012 umquam
972 938 1091 995 aut
1138 952 1314 995 nunc
1360 930 1461 996 est
1509 929 1774 1012 negoti?
1866 941 2008 996 Ero.
2069 930 2242 1010 Quia
2288 930 2401 1014 pol
2447 939 2506 996 te

729 1068 936 1113 unum
966 1069 1045 1112 ex
1072 1045 1377 1112 omnibus
2414 1065 2505 1112 370

398 1162 621 1229 Venus
642 1185 747 1228 me
770 1161 980 1228 uoluit
999 1161 1415 1244 magnificare
1438 1185 1451 1226 ε
1497 1163 1707 1245 neque
1729 1161 1797 1228 id
1817 1162 1997 1228 haud
2016 1161 2347 1229 immerito
2369 1172 2497 1229 tuo,

401 1279 467 1344 N
471 1279 579 1344 am
608 1278 862 1344 ecastor
891 1277 1065 1343 solus
1093 1277 1259 1344 bene
1287 1276 1481 1343 factis
1510 1277 1644 1344 tuis
1672 1301 1779 1344 me
1806 1277 2150 1344 florentem
2179 1277 2366 1344 facis,

410 1406 584 1461 Men.
646 1393 846 1460 Certo
872 1392 1033 1459 haec
1056 1392 1289 1459 mulier
1313 1394 1436 1460 afit
1460 1392 1689 1461 insana
1716 1403 1835 1459 aut
1860 1393 2124 1472 ebriast,
2155 1392 2503 1470 MesseniO,

399 1511 583 1590 Quae
609 1509 941 1576 hominem
969 1509 1265 1592 ignotum
1295 1508 1618 1592 conpellet
1642 1511 1749 1576 me
1774 1518 1916 1576 tam
1942 1509 2376 1577 familiariter.

417 1638 577 1693 Mes.
652 1625 855 1692 Dixin
894 1648 1013 1709 ego
1054 1624 1255 1691 istaec
1295 1624 1402 1690 hic
1443 1625 1644 1691 solere
1684 1623 1872 1690 fieri?
1971 1624 2154 1691 Folia
2193 1628 2375 1693 nfinc
2416 1648 2508 1691 ca·

726 1742 916 1820 dunt,
2424 1760 2508 1808 375

400 1858 566 1925 Prae
613 1860 692 1925 fit
739 1858 793 1924 si
839 1856 1129 1924 triduom
1176 1857 1302 1923 h6c
1349 1856 1455 1924 hic
1502 1856 1777 1924 erimus:
1821 1865 1968 1924 tum
2016 1857 2279 1924 arbores
2331 1858 2406 1925 in
2450 1857 2509 1923 tc
2546 1914 2547 1935 2

727 1974 985 2042 cadent.

397 2092 576 2159 Nam
598 2094 696 2158 ita
720 2100 876 2157 sunt
899 2090 1005 2157 hic
1027 2092 1434 2158 meretrices:
1478 2114 1704 2158 omnes
1727 2091 2055 2158 elecebrae
2078 2091 2505 2174 argentariae.

395 2208 523 2275 sed
550 2208 686 2275 sine
710 2231 816 2273 me
841 2207 1002 2274 dum
1026 2206 1198 2273 hanc
1222 2206 1630 2290 compellare.
1711 2207 1894 2273 Heus
1913 2207 2164 2285 mulier,
2189 2206 2313 2273 tibi
2343 2207 2503 2274 dico.

648 2335 788 2389 Ero.
849 2322 1024 2402 Quid
1052 2326 1198 2390 est?

408 2452 566 2508 uos.
638 2418 769 2506 Vbi
824 2448 904 2505 tu
960 2439 1136 2505 hanc
1192 2438 1524 2505 homin-§m
1583 2438 1871 2505 nouisti?
2019 2450 2161 2505 nro.
2224 2437 2505 2515 Ibidem,

724 2555 837 2621 ubi
866 2554 972 2621 hic
1001 2579 1107 2622 me
1137 2555 1269 2621 iam
1299 2554 1433 2621 diu.

396 2655 479 2740 Ϊῐι
526 2671 920 2756 Epidamno.
1019 2683 1178 2738 Mes.
1241 2671 1323 2736 In
1373 2669 1790 2753 Epidamno?
1876 2670 1992 2756 qui
2040 2670 2170 2736 hnc
2219 2669 2286 2736 in
2344 2671 2511 2739 hanc

725 2788 955 2854 urbem
998 2787 1253 2872 pedem,
2370 2797 2377 2800 ’
2421 2805 2509 2855 380

396 2903 543 2972 Nisi
579 2903 795 2982 hodie,
835 2926 1198 2989 numquam
1234 2905 1411 2969 intro
1448 2902 1719 2969 tetulit?
1812 2914 1952 2968 Ero.
2012 2901 2202 2981 Heia,
2242 2902 2511 2971 delicias
2540 2967 2541 2972 ,

724 3019 905 3086 facis.

395 3137 502 3203 Mi
523 3135 977 3214 Menaechme,
1004 3137 1164 3219 quin
1187 3134 1426 3201 amabo
1451 3133 1504 3200 is
1526 3136 1747 3200 intro?
1793 3133 1921 3200 Hic
1944 3133 2067 3201 tibi
2090 3132 2215 3200 erit
2239 3134 2508 3203 rectius.
2536 3199 2539 3212 ἡ

406 3266 579 3321 Men.
639 3253 824 3319 Haec
857 3252 1124 3335 quidem
1158 3250 1387 3336 edepol
1420 3252 1594 3317 recte
1628 3250 1919 3334 appellat
1951 3252 2099 3317 meo
2132 3272 2237 3315 me
2270 3254 2514 3320 mulier

723 3391 1004 3434 nomme.

395 3486 612 3553 Nimis
655 3485 874 3562 miror,
922 3483 1080 3568 quid
1125 3482 1250 3551 hoc
1296 3484 1383 3551 sit
1428 3482 1668 3567 negoti.
1760 3453 1928 3551 vlites.
2018 3461 2291 3549 Oboluit
2347 3508 2518 3553 mar-

727 3599 1034 3683 suppium
