2585 4020
362 264 453 331 42
1274 276 1568 330 PLAVTI
2127 277 2356 342 {Aca-vs
2407 276 2485 329 11.

364 452 536 518 Huic
571 451 760 531 istuc,
797 452 974 537 quod
1010 451 1231 519 habes,
1333 464 1507 519 Mon.
1568 452 1789 537 Atque
1822 453 2052 536 edepol
2085 455 2163 520 tfi
2198 477 2303 520 me
2341 477 2487 520 mo—

691 568 894 634 nuisti
922 567 1143 652 probe.
2388 590 2485 635 385

362 684 601 768 Accipe
625 685 785 751 dum
811 684 970 750 hoc:
1019 685 1150 750 iam
1177 684 1379 764 scibo,
1407 694 1631 751 utrum
1654 684 1815 751 haec
1840 708 1945 750 me
1969 686 2156 768 mfige
2181 696 2370 764 amet
2396 709 2482 751 an

690 800 1162 884 marsuppium.

369 929 510 984 Ero.
608 917 856 983 Erimus
891 917 1085 996 intro,
1123 927 1199 984 ut
1234 917 1693 1000 praindeamus.
1792 929 1966 984 Mon.
2027 917 2205 984 Bene
2242 941 2484 984 uocas:

690 1043 831 1099 tam
860 1033 1156 1116 gratiast.

369 1162 509 1216 Ero.
609 1149 746 1217 Csu·
794 1149 992 1233 igitur
1040 1173 1144 1216 me
1192 1148 1316 1215 tibi
1366 1148 1610 1216 iussisti
1659 1150 1934 1234 coquere
1980 1149 2234 1217 dudum
2284 1153 2488 1234 prtin-

689 1265 919 1332 dium?
2551 1282 2552 1285 ’

372 1393 546 1448 Mon.
607 1363 796 1465 Egon
847 1392 916 1448 te
968 1380 1124 1448 iussi
1177 1383 1499 1467 coquere?
1642 1393 1783 1448 Ero.
1846 1380 2046 1449 Certo
2098 1381 2222 1449 tibi
2276 1392 2361 1449 tu
2418 1393 2486 1450 et
2551 1408 2552 1467 ᾗ

688 1497 978 1582 parasito
1022 1508 1160 1564 tuo,

378 1625 552 1680 Men.
613 1614 785 1694 Quoi
809 1614 1055 1680 malum
1098 1615 1434 1698 parasito?
1522 1614 1722 1681 Certo
1756 1614 1917 1680 haec
1949 1613 2179 1681 mulier
2211 1638 2352 1681 non
2390 1639 2489 1682 sa-

691 1732 841 1797 ndst
871 1730 1050 1797 satis.
2380 1753 2489 1799 390

370 1858 511 1913 Ero.
609 1846 938 1913 Peniculo.
1074 1859 1248 1913 Mon.
1311 1846 1471 1926 Quis
1511 1845 1703 1913 istest
1741 1845 2131 1913 Peniculus?
2218 1846 2337 1931 qui
2384 1850 2489 1915 ex-

691 1972 1029 2047 tergentur
1058 1961 1347 2030 bzixeae?

369 2092 510 2146 Ero.
570 2080 830 2146 Scilicet
864 2079 979 2165 qui
1012 2079 1264 2146 dudum
1301 2089 1523 2146 tecum
1558 2079 1763 2159 uenit,
1800 2102 2000 2164 quom
2036 2080 2278 2163 palleim
2315 2082 2489 2148 mihi

363 2195 700 2274 Detulisti,
723 2198 924 2279 queim
944 2195 1030 2262 ab
1049 2219 1246 2262 uxore
1266 2198 1385 2262 tua
1406 2195 1818 2278 surrupuisti.
1906 2208 2078 2262 Men.
2130 2196 2301 2276 Quid
2326 2202 2486 2265 est?

361 2311 513 2378 Tibi
543 2312 785 2396 pallam
816 2312 988 2390 dedi,
1021 2336 1221 2397 quam
1253 2311 1436 2378 uxori
1468 2314 1651 2377 meae
1682 2311 2031 2395 surrupui?
2118 2313 2327 2378 szinan
2365 2319 2484 2381 es?

363 2428 562 2495 Certo
592 2428 752 2495 haec
781 2428 1011 2495 mulier
1040 2428 1375 2495 ceinterino
1405 2430 1537 2494 ritu
1568 2438 1792 2494 astans
1823 2427 2126 2494 somniat.
2381 2451 2485 2497 395

369 2557 509 2611 Ero.
570 2544 700 2624 Qui
759 2543 943 2611 lubet
1002 2544 1283 2611 ludibrio
1345 2543 1584 2610 habere
1645 2568 1749 2609 me
1810 2545 2011 2628 {itque
2072 2542 2162 2608 ire
2223 2542 2481 2612 infitias
2545 2581 2546 2590 2

688 2660 849 2726 mihi

361 2778 569 2843 Facta
611 2800 781 2861 quae
824 2779 1024 2843 sunt?
1120 2788 1294 2842 Men.
1356 2777 1483 2843 Dic
1525 2776 1685 2862 quid
1728 2786 1829 2842 est
1872 2774 1938 2842 id
1982 2775 2159 2860 qu6d
2204 2799 2481 2858 negem:

688 2892 865 2975 quod
896 2891 1204 2958 fecerim?

368 3020 508 3075 Ero.
569 3009 822 3075 Pallam
858 3018 926 3074 te
961 3007 1155 3074 hodie
1190 3008 1350 3074 mihi
1386 3007 1639 3075 dedisse
1676 3006 1909 3074 uxoris,
2009 3020 2182 3074 Mon.
2244 3007 2479 3075 Etiam

687 3126 860 3191 nunc
891 3147 1074 3207 nego,

359 3222 502 3324 Ego
534 3240 799 3325 quidem
834 3264 1044 3328 neque
1077 3243 1393 3324 umquam
1428 3263 1693 3308 uxorem
1726 3238 1929 3307 habui
1976 3262 2185 3324 neque
2219 3239 2476 3308 habeo:

687 3380 896 3442 neque
925 3357 1054 3424 huc

361 3449 715 3556 quuam,
760 3482 1114 3557 postquam
1157 3475 1354 3540 ndtus
1397 3495 1562 3550 sum,
1606 3470 1780 3538 intra
1823 3472 2083 3555 portam
2126 3475 2480 3554 penetraui

691 3588 944 3671 pedem.
2367 3611 2482 3658 400
